[
    {
        "date": "2024-09-29",
        "symbol": "CCI",
        "period": "Q3",
        "siterentalrevenues": 1593000000,
        "revenuefromcontractwithcustomerexcludingassessedtax": 59000000,
        "revenues": 1652000000,
        "directcostsofleasedandrentedpropertyorequipment": 403000000,
        "costofgoodsandservicessold": 25000000,
        "sellinggeneralandadministrativeexpense": -128000000,
        "assetimpairmentcharges": 15000000,
        "depreciationamortizationandaccretionnet": 432000000,
        "restructuringcharges": -87000000,
        "costsandexpenses": 1108000000,
        "operatingincomeloss": 544000000,
        "interestexpensedebt": 236000000,
        "investmentincomeinterest": 6000000,
        "othernonoperatingincomeexpense": -6000000,
        "incomelossfromcontinuingoperationsbeforeincometaxesextraordinaryitemsnoncontrollinginterest": 308000000,
        "incometaxexpensebenefit": 5000000,
        "netincomeloss": 303000000,
        "comprehensiveincomenetoftax": 303000000,
        "earningspersharebasic": 0.7,
        "earningspersharediluted": 0.7,
        "weightedaveragenumberofsharesoutstandingbasic": 434000000,
        "weightedaveragenumberofdilutedsharesoutstanding": 435000000
    },
    {
        "date": "2024-06-29",
        "symbol": "CCI",
        "period": "Q2",
        "siterentalrevenues": 1580000000,
        "revenuefromcontractwithcustomerexcludingassessedtax": 46000000,
        "revenues": 1626000000,
        "directcostsofleasedandrentedpropertyorequipment": 432000000,
        "costofgoodsandservicessold": 27000000,
        "sellinggeneralandadministrativeexpense": 204000000,
        "assetimpairmentcharges": 3000000,
        "depreciationamortizationandaccretionnet": 430000000,
        "restructuringcharges": 45000000,
        "costsandexpenses": 1141000000,
        "operatingincomeloss": 485000000,
        "interestexpensedebt": 230000000,
        "investmentincomeinterest": 4000000,
        "othernonoperatingincomeexpense": -1000000,
        "incomelossfromcontinuingoperationsbeforeincometaxesextraordinaryitemsnoncontrollinginterest": 258000000,
        "incometaxexpensebenefit": 7000000,
        "netincomeloss": 251000000,
        "othercomprehensiveincomelossforeigncurrencytransactionandtranslationadjustmentnetoftax": 0,
        "othercomprehensiveincomelossnetoftax": 0,
        "comprehensiveincomenetoftax": 251000000,
        "earningspersharebasic": 0.5700000000000001,
        "earningspersharediluted": 0.5800000000000001,
        "weightedaveragenumberofsharesoutstandingbasic": 434000000,
        "weightedaveragenumberofdilutedsharesoutstanding": 435000000
    },
    {
        "date": "2024-03-30",
        "symbol": "CCI",
        "period": "Q1",
        "siterentalrevenues": 1588000000,
        "revenuefromcontractwithcustomerexcludingassessedtax": 53000000,
        "revenues": 1641000000,
        "directcostsofleasedandrentedpropertyorequipment": 430000000,
        "costofgoodsandservicessold": 34000000,
        "sellinggeneralandadministrativeexpense": 183000000,
        "assetimpairmentcharges": 6000000,
        "depreciationamortizationandaccretionnet": 439000000,
        "restructuringcharges": 11000000,
        "costsandexpenses": 1103000000,
        "operatingincomeloss": 538000000,
        "interestexpensedebt": 226000000,
        "investmentincomeinterest": 4000000,
        "othernonoperatingincomeexpense": 2000000,
        "incomelossfromcontinuingoperationsbeforeincometaxesextraordinaryitemsnoncontrollinginterest": 318000000,
        "incometaxexpensebenefit": 7000000,
        "netincomeloss": 311000000,
        "othercomprehensiveincomelossforeigncurrencytransactionandtranslationadjustmentnetoftax": -1000000,
        "othercomprehensiveincomelossnetoftax": -1000000,
        "comprehensiveincomenetoftax": 310000000,
        "earningspersharebasic": 0.72,
        "earningspersharediluted": 0.71,
        "weightedaveragenumberofsharesoutstandingbasic": 434000000,
        "weightedaveragenumberofdilutedsharesoutstanding": 435000000
    },
    {
        "date": "2023-12-30",
        "symbol": "CCI",
        "period": "Q4",
        "siterentalrevenues": 1603000000,
        "revenuefromcontractwithcustomerexcludingassessedtax": 71000000,
        "revenues": 1674000000,
        "directcostsofleasedandrentedpropertyorequipment": 405000000,
        "costofgoodsandservicessold": 48000000,
        "sellinggeneralandadministrativeexpense": 178000000,
        "depreciationamortizationandaccretionnet": 439000000,
        "costsandexpenses": 1086000000,
        "operatingincomeloss": 588000000,
        "interestexpensedebt": 223000000,
        "investmentincomeinterest": 5000000,
        "othernonoperatingincomeexpense": -2000000,
        "incometaxexpensebenefit": 5000000,
        "comprehensiveincomenetoftax": 364000000,
        "earningspersharebasic": 0.8300000000000001,
        "earningspersharediluted": 0.8300000000000001,
        "weightedaveragenumberofsharesoutstandingbasic": 434000000,
        "weightedaveragenumberofdilutedsharesoutstanding": 434000000
    },
    {
        "date": "2023-09-29",
        "symbol": "CCI",
        "period": "Q3",
        "siterentalrevenues": 1577000000,
        "revenuefromcontractwithcustomerexcludingassessedtax": 90000000,
        "revenues": 1667000000,
        "directcostsofleasedandrentedpropertyorequipment": 429000000,
        "costofgoodsandservicessold": 69000000,
        "sellinggeneralandadministrativeexpense": 289000000,
        "depreciationamortizationandaccretionnet": 439000000,
        "costsandexpenses": 1181000000,
        "operatingincomeloss": 486000000,
        "interestexpensedebt": 217000000,
        "investmentincomeinterest": 3000000,
        "othernonoperatingincomeexpense": 1000000,
        "incomelossfromcontinuingoperationsbeforeincometaxesextraordinaryitemsnoncontrollinginterest": 273000000,
        "incometaxexpensebenefit": 7000000,
        "netincomeloss": 266000000,
        "comprehensiveincomenetoftax": 266000000,
        "earningspersharebasic": 0.6099999999999999,
        "earningspersharediluted": 0.6099999999999999,
        "weightedaveragenumberofsharesoutstandingbasic": -433000000,
        "weightedaveragenumberofdilutedsharesoutstanding": -434000000
    },
    {
        "date": "2023-06-29",
        "symbol": "CCI",
        "period": "Q2",
        "siterentalrevenues": 1728000000,
        "revenuefromcontractwithcustomerexcludingassessedtax": 139000000,
        "revenues": 1867000000,
        "directcostsofleasedandrentedpropertyorequipment": 424000000,
        "costofgoodsandservicessold": 98000000,
        "sellinggeneralandadministrativeexpense": 210000000,
        "assetimpairmentcharges": 22000000,
        "acquisitionandintegrationcosts": 1000000,
        "depreciationamortizationandaccretionnet": 445000000,
        "costsandexpenses": 1200000000,
        "operatingincomeloss": 667000000,
        "interestexpensedebt": 208000000,
        "investmentincomeinterest": 5000000,
        "othernonoperatingincomeexpense": -2000000,
        "incomelossfromcontinuingoperationsbeforeincometaxesextraordinaryitemsnoncontrollinginterest": 462000000,
        "incometaxexpensebenefit": 7000000,
        "netincomeloss": 455000000,
        "othercomprehensiveincomelossforeigncurrencytransactionandtranslationadjustmentnetoftax": 1000000,
        "othercomprehensiveincomelossnetoftax": 1000000,
        "weightedaveragenumberofsharesoutstandingbasic": 434000000,
        "weightedaveragenumberofdilutedsharesoutstanding": 434000000,
        "comprehensiveincomenetoftax": 456000000,
        "earningspersharebasic": 1.05,
        "earningspersharediluted": 1.05
    },
    {
        "date": "2023-03-30",
        "symbol": "CCI",
        "period": "Q1",
        "siterentalrevenues": 1624000000,
        "revenuefromcontractwithcustomerexcludingassessedtax": 149000000,
        "revenues": 1773000000,
        "directcostsofleasedandrentedpropertyorequipment": 406000000,
        "costofgoodsandservicessold": 101000000,
        "sellinggeneralandadministrativeexpense": 82000000,
        "depreciationamortizationandaccretionnet": 431000000,
        "costsandexpenses": 1145000000,
        "operatingincomeloss": 628000000,
        "interestexpensedebt": 202000000,
        "investmentincomeinterest": 2000000,
        "othernonoperatingincomeexpense": -3000000,
        "incomelossfromcontinuingoperationsbeforeincometaxesextraordinaryitemsnoncontrollinginterest": 425000000,
        "incometaxexpensebenefit": 7000000,
        "netincomeloss": 418000000,
        "othercomprehensiveincomelossforeigncurrencytransactionandtranslationadjustmentnetoftax": -1000000,
        "othercomprehensiveincomelossnetoftax": -1000000,
        "weightedaveragenumberofsharesoutstandingbasic": 433000000,
        "weightedaveragenumberofdilutedsharesoutstanding": 434000000,
        "comprehensiveincomenetoftax": 417000000,
        "earningspersharebasic": 0.97,
        "earningspersharediluted": 0.97
    },
    {
        "date": "2022-12-30",
        "symbol": "CCI",
        "period": "Q4",
        "siterentalrevenues": -2744000000,
        "revenuefromcontractwithcustomerexcludingassessedtax": -499000000,
        "revenues": -3243000000,
        "directcostsofleasedandrentedpropertyorequipment": -529000000,
        "costofgoodsandservicessold": -327000000,
        "sellinggeneralandadministrativeexpense": 83000000,
        "assetimpairmentcharges": 13000000,
        "depreciationamortizationandaccretionnet": 431000000,
        "costsandexpenses": 1152000000,
        "operatingincomeloss": 612000000,
        "interestexpensedebt": 193000000,
        "othernonoperatingincomeexpense": -5000000,
        "incometaxexpensebenefit": 30000000,
        "profitloss": 414000000,
        "othercomprehensiveincomelossforeigncurrencytransactionandtranslationadjustmentnetoftax": 2000000,
        "othercomprehensiveincomelossnetoftax": 2000000,
        "comprehensiveincomenetoftax": 416000000,
        "incomelossfromcontinuingoperationsperbasicshare": 0.9600000000000002,
        "incomelossfromcontinuingoperationsperdilutedshare": 0.9499999999999997
    },
    {
        "date": "2022-09-29",
        "symbol": "CCI",
        "period": "Q3",
        "siterentalrevenues": 1568000000,
        "revenuefromcontractwithcustomerexcludingassessedtax": 178000000,
        "revenues": 1746000000,
        "directcostsofleasedandrentedpropertyorequipment": 398000000,
        "costofgoodsandservicessold": 116000000,
        "sellinggeneralandadministrativeexpense": 81000000,
        "assetimpairmentcharges": 3000000,
        "depreciationamortizationandaccretionnet": 429000000,
        "costsandexpenses": 1144000000,
        "operatingincomeloss": 602000000,
        "interestexpensedebt": 177000000,
        "othernonoperatingincomeexpense": -1000000,
        "incomelossfromcontinuingoperationsbeforeincometaxesextraordinaryitemsnoncontrollinginterest": 422000000,
        "incometaxexpensebenefit": -3000000,
        "incomelossfromcontinuingoperations": 419000000,
        "profitloss": 419000000,
        "othercomprehensiveincomelossforeigncurrencytransactionandtranslationadjustmentnetoftax": -2000000,
        "othercomprehensiveincomelossnetoftax": -2000000,
        "incomelossfromcontinuingoperationsperbasicshare": 0.9600000000000002,
        "incomelossfromcontinuingoperationsperdilutedshare": 0.9700000000000002,
        "comprehensiveincomenetoftax": 417000000
    },
    {
        "date": "2022-06-29",
        "symbol": "CCI",
        "period": "Q2",
        "siterentalrevenues": 1567000000,
        "revenuefromcontractwithcustomerexcludingassessedtax": 167000000,
        "revenues": 1734000000,
        "directcostsofleasedandrentedpropertyorequipment": 394000000,
        "costofgoodsandservicessold": 109000000,
        "sellinggeneralandadministrativeexpense": 79000000,
        "assetimpairmentcharges": 9000000,
        "depreciationamortizationandaccretionnet": 427000000,
        "costsandexpenses": 1141000000,
        "operatingincomeloss": 593000000,
        "interestexpensedebt": 165000000,
        "gainslossesonextinguishmentofdebt": 0,
        "othernonoperatingincomeexpense": -3000000,
        "incomelossfromcontinuingoperationsbeforeincometaxesextraordinaryitemsnoncontrollinginterest": 426000000,
        "incometaxexpensebenefit": -5000000,
        "incomelossfromcontinuingoperations": 421000000,
        "profitloss": 421000000,
        "othercomprehensiveincomelossforeigncurrencytransactionandtranslationadjustmentnetoftax": -2000000,
        "othercomprehensiveincomelossnetoftax": -2000000,
        "incomelossfromcontinuingoperationsperbasicshare": 0.98,
        "incomelossfromcontinuingoperationsperdilutedshare": 0.97,
        "weightedaveragenumberofsharesoutstandingbasic": 0,
        "weightedaveragenumberofdilutedsharesoutstanding": 0,
        "comprehensiveincomenetoftax": 419000000
    },
    {
        "date": "2022-03-30",
        "symbol": "CCI",
        "period": "Q1",
        "siterentalrevenues": 1576000000,
        "revenuefromcontractwithcustomerexcludingassessedtax": 166000000,
        "revenues": 1742000000,
        "directcostsofleasedandrentedpropertyorequipment": 387000000,
        "costofgoodsandservicessold": 111000000,
        "sellinggeneralandadministrativeexpense": 74000000,
        "assetimpairmentcharges": 14000000,
        "depreciationamortizationandaccretionnet": 420000000,
        "costsandexpenses": 1124000000,
        "operatingincomeloss": 618000000,
        "interestexpensedebt": 164000000,
        "gainslossesonextinguishmentofdebt": 23000000,
        "othernonoperatingincomeexpense": -1000000,
        "incomelossfromcontinuingoperationsbeforeincometaxesextraordinaryitemsnoncontrollinginterest": 427000000,
        "incometaxexpensebenefit": -6000000,
        "incomelossfromcontinuingoperations": 421000000,
        "profitloss": 421000000,
        "othercomprehensiveincomelossforeigncurrencytransactionandtranslationadjustmentnetoftax": 1000000,
        "othercomprehensiveincomelossnetoftax": 1000000,
        "incomelossfromcontinuingoperationsperbasicshare": 0.97,
        "incomelossfromcontinuingoperationsperdilutedshare": 0.97,
        "weightedaveragenumberofsharesoutstandingbasic": 433000000,
        "weightedaveragenumberofdilutedsharesoutstanding": 434000000,
        "comprehensiveincomenetoftax": 422000000
    },
    {
        "date": "2021-12-30",
        "symbol": "CCI",
        "period": "Q4",
        "siterentalrevenues": 1474000000,
        "revenuefromcontractwithcustomerexcludingassessedtax": 180000000,
        "revenues": 1654000000,
        "directcostsofleasedandrentedpropertyorequipment": -511000000,
        "costofgoodsandservicessold": -278000000,
        "sellinggeneralandadministrativeexpense": 85000000,
        "depreciationamortizationandaccretionnet": 415000000,
        "costsandexpenses": 1131000000,
        "operatingincomeloss": 523000000,
        "interestexpensedebt": 164000000,
        "othernonoperatingincomeexpense": -5000000,
        "incometaxexpensebenefit": -1000000,
        "profitloss": 353000000,
        "netincomelossavailabletocommonstockholdersbasic": 353000000,
        "comprehensiveincomenetoftax": 352000000,
        "incomelossfromcontinuingoperationsperbasicshare": 0.8200000000000001,
        "incomelossfromcontinuingoperationsperdilutedshare": 0.8199999999999998,
        "earningspersharebasic": 0.82,
        "earningspersharediluted": 0.8199999999999997
    },
    {
        "date": "2021-09-29",
        "symbol": "CCI",
        "period": "Q3",
        "siterentalrevenues": 1451000000,
        "revenuefromcontractwithcustomerexcludingassessedtax": 167000000,
        "revenues": 1618000000,
        "directcostsofleasedandrentedpropertyorequipment": 389000000,
        "costofgoodsandservicessold": 114000000,
        "sellinggeneralandadministrativeexpense": 69000000,
        "assetimpairmentcharges": 0,
        "depreciationamortizationandaccretionnet": 413000000,
        "costsandexpenses": 1093000000,
        "operatingincomeloss": 525000000,
        "interestexpensedebt": 163000000,
        "gainslossesonextinguishmentofdebt": 0,
        "othernonoperatingincomeexpense": -4000000,
        "incometaxexpensebenefit": -7000000,
        "incomelossfromcontinuingoperations": 350000000,
        "discontinuedoperationgainlossondisposalofdiscontinuedoperationnetoftax": 0,
        "incomelossfromdiscontinuedoperationsnetoftaxattributabletoreportingentity": 0,
        "profitloss": 350000000,
        "netincomelossavailabletocommonstockholdersbasic": 350000000,
        "othercomprehensiveincomelossforeigncurrencytransactionandtranslationadjustmentnetoftax": -1000000,
        "othercomprehensiveincomelossnetoftax": -1000000,
        "comprehensiveincomenetoftax": 349000000,
        "incomelossfromcontinuingoperationsperbasicshare": 0.81,
        "discontinuedoperationincomelossfromdiscontinuedoperationnetoftaxperbasicshare": 0,
        "earningspersharebasic": 0.8099999999999999,
        "incomelossfromcontinuingoperationsperdilutedshare": 0.81,
        "discontinuedoperationincomelossfromdiscontinuedoperationnetoftaxperdilutedshare": 0,
        "earningspersharediluted": 0.8099999999999999,
        "weightedaveragenumberofdilutedsharesoutstanding": 0
    },
    {
        "date": "2021-06-29",
        "symbol": "CCI",
        "period": "Q2",
        "siterentalrevenues": 1425000000,
        "revenuefromcontractwithcustomerexcludingassessedtax": 158000000,
        "revenues": 1583000000,
        "directcostsofleasedandrentedpropertyorequipment": 382000000,
        "costofgoodsandservicessold": 102000000,
        "sellinggeneralandadministrativeexpense": 70000000,
        "assetimpairmentcharges": 6000000,
        "depreciationamortizationandaccretionnet": 408000000,
        "costsandexpenses": 1078000000,
        "operatingincomeloss": 505000000,
        "interestexpensedebt": 160000000,
        "gainslossesonextinguishmentofdebt": -142000000,
        "investmentincomeinterest": 0,
        "othernonoperatingincomeexpense": -4000000,
        "incomelossfromcontinuingoperationsbeforeincometaxesminorityinterestandincomelossfromequitymethodinvestments": 340000000,
        "incometaxexpensebenefit": -6000000,
        "incomelossfromcontinuingoperations": 334000000,
        "discontinuedoperationgainlossondisposalofdiscontinuedoperationnetoftax": 1000000,
        "incomelossfromdiscontinuedoperationsnetoftaxattributabletoreportingentity": 1000000,
        "profitloss": 335000000,
        "netincomelossavailabletocommonstockholdersbasic": 335000000,
        "othercomprehensiveincomelossforeigncurrencytransactionandtranslationadjustmentnetoftax": 1000000,
        "othercomprehensiveincomelossnetoftax": 1000000,
        "comprehensiveincomenetoftax": 336000000,
        "incomelossfromcontinuingoperationsperbasicshare": 0.77,
        "discontinuedoperationincomelossfromdiscontinuedoperationnetoftaxperbasicshare": 0.009999999999999981,
        "earningspersharebasic": 0.78,
        "incomelossfromcontinuingoperationsperdilutedshare": 0.76,
        "discontinuedoperationincomelossfromdiscontinuedoperationnetoftaxperdilutedshare": 0.009999999999999981,
        "earningspersharediluted": 0.77,
        "weightedaveragenumberofsharesoutstandingbasic": 0,
        "weightedaveragenumberofdilutedsharesoutstanding": 1000000
    },
    {
        "date": "2021-03-30",
        "symbol": "CCI",
        "period": "Q1",
        "siterentalrevenues": 1369000000,
        "revenuefromcontractwithcustomerexcludingassessedtax": 116000000,
        "revenues": 1485000000,
        "directcostsofleasedandrentedpropertyorequipment": 373000000,
        "costofgoodsandservicessold": 79000000,
        "sellinggeneralandadministrativeexpense": 66000000,
        "assetimpairmentcharges": 3000000,
        "depreciationamortizationandaccretionnet": 408000000,
        "costsandexpenses": 1037000000,
        "operatingincomeloss": 448000000,
        "interestexpensedebt": 170000000,
        "gainslossesonextinguishmentofdebt": 143000000,
        "investmentincomeinterest": 1000000,
        "othernonoperatingincomeexpense": -8000000,
        "incomelossfromcontinuingoperationsbeforeincometaxesminorityinterestandincomelossfromequitymethodinvestments": 128000000,
        "incometaxexpensebenefit": -7000000,
        "incomelossfromcontinuingoperations": 121000000,
        "discontinuedoperationgainlossondisposalofdiscontinuedoperationnetoftax": -63000000,
        "incomelossfromdiscontinuedoperationsnetoftaxattributabletoreportingentity": -63000000,
        "profitloss": 58000000,
        "netincomelossavailabletocommonstockholdersbasic": 58000000,
        "othercomprehensiveincomelossforeigncurrencytransactionandtranslationadjustmentnetoftax": 1000000,
        "othercomprehensiveincomelossnetoftax": 1000000,
        "comprehensiveincomenetoftax": 59000000,
        "incomelossfromcontinuingoperationsperbasicshare": 0.28,
        "discontinuedoperationincomelossfromdiscontinuedoperationnetoftaxperbasicshare": -0.15,
        "earningspersharebasic": 0.13,
        "incomelossfromcontinuingoperationsperdilutedshare": 0.28,
        "discontinuedoperationincomelossfromdiscontinuedoperationnetoftaxperdilutedshare": -0.15,
        "earningspersharediluted": 0.13,
        "weightedaveragenumberofsharesoutstandingbasic": 432000000,
        "weightedaveragenumberofdilutedsharesoutstanding": 433000000
    },
    {
        "date": "2020-09-29",
        "symbol": "CCI",
        "period": "Q3",
        "siterentalrevenues": 1339000000,
        "revenuefromcontractwithcustomerexcludingassessedtax": 147000000,
        "revenues": 1486000000,
        "directcostsofleasedandrentedpropertyorequipment": 371000000,
        "costofgoodsandservicessold": 117000000,
        "sellinggeneralandadministrativeexpense": 154000000,
        "assetimpairmentcharges": 3000000,
        "acquisitionandintegrationcosts": 2000000,
        "depreciationamortizationandaccretionnet": 406000000,
        "costsandexpenses": 1053000000,
        "operatingincomeloss": 433000000,
        "interestexpensedebt": 168000000,
        "investmentincomeinterest": 0,
        "incomelossfromcontinuingoperationsbeforeincometaxesminorityinterestandincomelossfromequitymethodinvestments": 167000000,
        "incometaxexpensebenefit": -5000000,
        "profitloss": 162000000,
        "dividendspreferredstock": 114000000,
        "netincomelossavailabletocommonstockholdersbasic": 162000000,
        "comprehensiveincomenetoftax": 164000000,
        "earningspersharebasic": 0.3799999999999999,
        "earningspersharediluted": 0.3799999999999999
    },
    {
        "date": "2020-06-29",
        "symbol": "CCI",
        "period": "Q2",
        "siterentalrevenues": 1319000000,
        "revenuefromcontractwithcustomerexcludingassessedtax": 121000000,
        "revenues": 1440000000,
        "directcostsofleasedandrentedpropertyorequipment": 386000000,
        "costofgoodsandservicessold": 110000000,
        "sellinggeneralandadministrativeexpense": 269000000,
        "assetimpairmentcharges": 3000000,
        "acquisitionandintegrationcosts": 2000000,
        "depreciationamortizationandaccretionnet": 402000000,
        "costsandexpenses": 1056000000,
        "operatingincomeloss": 384000000,
        "interestexpensedebt": 178000000,
        "investmentincomeinterest": 1000000,
        "incomelossfromcontinuingoperationsbeforeincometaxesminorityinterestandincomelossfromequitymethodinvestments": 207000000,
        "incometaxexpensebenefit": -6000000,
        "profitloss": 201000000,
        "dividendspreferredstock": -29000000,
        "netincomelossavailabletocommonstockholdersbasic": 172000000,
        "othercomprehensiveincomelossforeigncurrencytransactionandtranslationadjustmentnetoftax": 0,
        "othercomprehensiveincomelossnetoftax": 0,
        "comprehensiveincomenetoftax": 201000000,
        "earningspersharebasic": 0.41000000000000003,
        "earningspersharediluted": 0.41000000000000003,
        "weightedaveragenumberofsharesoutstandingbasic": 0,
        "weightedaveragenumberofdilutedsharesoutstanding": 0
    },
    {
        "date": "2020-03-30",
        "symbol": "CCI",
        "period": "Q1",
        "siterentalrevenues": 1310000000,
        "revenuefromcontractwithcustomerexcludingassessedtax": 111000000,
        "revenues": 1421000000,
        "directcostsofleasedandrentedpropertyorequipment": 366000000,
        "costofgoodsandservicessold": 97000000,
        "sellinggeneralandadministrativeexpense": 70000000,
        "assetimpairmentcharges": 4000000,
        "acquisitionandintegrationcosts": 5000000,
        "depreciationamortizationandaccretionnet": 399000000,
        "costsandexpenses": 1057000000,
        "operatingincomeloss": 364000000,
        "interestexpensedebt": 175000000,
        "investmentincomeinterest": 1000000,
        "incomelossfromcontinuingoperationsbeforeincometaxesminorityinterestandincomelossfromequitymethodinvestments": 190000000,
        "incometaxexpensebenefit": -5000000,
        "profitloss": 185000000,
        "dividendspreferredstock": -28000000,
        "netincomelossavailabletocommonstockholdersbasic": 157000000,
        "othercomprehensiveincomelossforeigncurrencytransactionandtranslationadjustmentnetoftax": -1000000,
        "othercomprehensiveincomelossnetoftax": -1000000,
        "comprehensiveincomenetoftax": 184000000,
        "earningspersharebasic": 0.38,
        "earningspersharediluted": 0.38,
        "weightedaveragenumberofsharesoutstandingbasic": 416000000,
        "weightedaveragenumberofdilutedsharesoutstanding": 418000000
    },
    {
        "date": "2019-09-29",
        "symbol": "CCI",
        "period": "Q3",
        "revenuefromcontractwithcustomerexcludingassessedtax": 253000000,
        "revenues": 1514000000,
        "directcostsofleasedandrentedpropertyorequipment": 369000000,
        "costofgoodsandservicessold": 147000000,
        "sellinggeneralandadministrativeexpense": 150000000,
        "assetimpairmentcharges": 1000000,
        "acquisitionandintegrationcosts": 4000000,
        "depreciationamortizationandaccretionnet": 389000000,
        "costsandexpenses": 1060000000,
        "operatingincomeloss": 454000000,
        "interestexpensedebt": 173000000,
        "gainslossesonextinguishmentofdebt": 0,
        "investmentincomeinterest": 2000000,
        "incomelossfromcontinuingoperationsbeforeincometaxesminorityinterestandincomelossfromequitymethodinvestments": 278000000,
        "incometaxexpensebenefit": -5000000,
        "profitloss": 273000000,
        "dividendspreferredstock": -28000000,
        "netincomelossavailabletocommonstockholdersbasic": 245000000,
        "comprehensiveincomenetoftax": 273000000,
        "earningspersharebasic": 0.5900000000000001,
        "earningspersharediluted": 0.5900000000000001
    },
    {
        "date": "2019-06-29",
        "symbol": "CCI",
        "period": "Q2",
        "operatingleasesincomestatementleaserevenue": 1238000000,
        "revenuefromcontractwithcustomerexcludingassessedtax": 240000000,
        "revenues": 1478000000,
        "directcostsofleasedandrentedpropertyorequipment": 365000000,
        "costofgoodsandservicessold": 138000000,
        "sellinggeneralandadministrativeexpense": 155000000,
        "assetimpairmentcharges": 6000000,
        "acquisitionandintegrationcosts": 2000000,
        "depreciationamortizationandaccretionnet": 393000000,
        "costsandexpenses": 1059000000,
        "operatingincomeloss": 419000000,
        "interestexpensedebt": 169000000,
        "gainslossesonextinguishmentofdebt": -1000000,
        "investmentincomeinterest": 1000000,
        "othernonoperatingincomeexpense": 0,
        "incomelossfromcontinuingoperationsbeforeincometaxesminorityinterestandincomelossfromequitymethodinvestments": 250000000,
        "incometaxexpensebenefit": -4000000,
        "profitloss": 246000000,
        "dividendspreferredstock": -29000000,
        "netincomelossavailabletocommonstockholdersbasic": 217000000,
        "comprehensiveincomenetoftax": 246000000,
        "earningspersharebasic": 0.52,
        "earningspersharediluted": 0.51,
        "weightedaveragenumberofsharesoutstandingbasic": 0,
        "weightedaveragenumberofdilutedsharesoutstanding": 0
    },
    {
        "date": "2019-03-30",
        "symbol": "CCI",
        "period": "Q1",
        "operatingleasesincomestatementleaserevenue": 1219000000,
        "revenuefromcontractwithcustomerexcludingassessedtax": 207000000,
        "revenues": 1426000000,
        "directcostsofleasedandrentedpropertyorequipment": 361000000,
        "costofgoodsandservicessold": 125000000,
        "sellinggeneralandadministrativeexpense": 152000000,
        "assetimpairmentcharges": 6000000,
        "acquisitionandintegrationcosts": 4000000,
        "depreciationamortizationandaccretionnet": 394000000,
        "costsandexpenses": 1042000000,
        "operatingincomeloss": 384000000,
        "interestexpensedebt": 168000000,
        "gainslossesonextinguishmentofdebt": -1000000,
        "investmentincomeinterest": 2000000,
        "othernonoperatingincomeexpense": -1000000,
        "incomelossfromcontinuingoperationsbeforeincometaxesminorityinterestandincomelossfromequitymethodinvestments": 216000000,
        "incometaxexpensebenefit": -6000000,
        "profitloss": 210000000,
        "dividendspreferredstock": -28000000,
        "netincomelossavailabletocommonstockholdersbasic": 182000000,
        "comprehensiveincomenetoftax": 210000000,
        "earningspersharebasic": 0.44,
        "earningspersharediluted": 0.44,
        "weightedaveragenumberofsharesoutstandingbasic": 415000000,
        "weightedaveragenumberofdilutedsharesoutstanding": 417000000
    },
    {
        "date": "2018-09-29",
        "symbol": "CCI",
        "period": "Q3",
        "operatingleasesincomestatementleaserevenue": 782000000,
        "directcostsofleasedandrentedpropertyorequipment": 214000000,
        "sellinggeneralandadministrativeexpense": 28000000,
        "assetimpairmentcharges": 9000000,
        "acquisitionandintegrationcosts": 4000000,
        "depreciationamortizationandaccretionnet": 385000000,
        "costsandexpenses": 1017000000,
        "operatingincomeloss": 357000000,
        "interestexpenseandamortizationofdeferredfinancingcosts": 160000000,
        "investmentincomeinterest": 2000000,
        "incomelossfromcontinuingoperationsbeforeincometaxesminorityinterestandincomelossfromequitymethodinvestments": 168000000,
        "incometaxexpensebenefit": 4000000,
        "profitloss": 164000000,
        "dividendspreferredstock": 28000000,
        "netincomelossavailabletocommonstockholdersbasic": 136000000,
        "comprehensiveincomenetoftax": 164000000,
        "earningspersharebasic": 0.32000000000000006,
        "earningspersharediluted": 0.33000000000000007,
        "weightedaveragenumberofsharesoutstandingbasic": 1000000,
        "weightedaveragenumberofdilutedsharesoutstanding": 1000000,
        "commonstockdividendspersharedeclared": 1.0499999999999996
    },
    {
        "date": "2018-06-29",
        "symbol": "CCI",
        "period": "Q2",
        "operatingleasesincomestatementleaserevenue": 383000000,
        "salesrevenueservicesnet": 154000000,
        "salesrevenuenet": 537000000,
        "directcostsofleasedandrentedpropertyorequipment": 80000000,
        "costofservices": 90000000,
        "sellinggeneralandadministrativeexpense": -81000000,
        "assetimpairmentcharges": 6000000,
        "acquisitionandintegrationcosts": 8000000,
        "depreciationamortizationandaccretionnet": 379000000,
        "costsandexpenses": 986000000,
        "operatingincomeloss": 345000000,
        "interestexpenseandamortizationofdeferredfinancingcosts": 158000000,
        "gainslossesonextinguishmentofdebt": 0,
        "investmentincomeinterest": 1000000,
        "othernonoperatingincomeexpense": 0,
        "incomelossfromcontinuingoperationsbeforeincometaxesminorityinterestandincomelossfromequitymethodinvestments": 185000000,
        "incometaxexpensebenefit": 5000000,
        "profitloss": 180000000,
        "dividendspreferredstock": 29000000,
        "netincomelossavailabletocommonstockholdersbasic": 151000000,
        "comprehensiveincomenetoftax": 179000000,
        "earningspersharebasic": 0.37,
        "earningspersharediluted": 0.36,
        "weightedaveragenumberofsharesoutstandingbasic": 3000000,
        "weightedaveragenumberofdilutedsharesoutstanding": 3000000,
        "commonstockdividendspersharedeclared": 1.05
    },
    {
        "date": "2018-03-30",
        "symbol": "CCI",
        "period": "Q1",
        "operatingleasesincomestatementleaserevenue": 1153000000,
        "salesrevenueservicesnet": 146000000,
        "salesrevenuenet": 1299000000,
        "directcostsofleasedandrentedpropertyorequipment": 347000000,
        "costofservices": 86000000,
        "sellinggeneralandadministrativeexpense": 134000000,
        "assetimpairmentcharges": 3000000,
        "acquisitionandintegrationcosts": 6000000,
        "depreciationamortizationandaccretionnet": 374000000,
        "costsandexpenses": 950000000,
        "operatingincomeloss": 349000000,
        "interestexpenseandamortizationofdeferredfinancingcosts": 160000000,
        "gainslossesonextinguishmentofdebt": -71000000,
        "investmentincomeinterest": 1000000,
        "othernonoperatingincomeexpense": -1000000,
        "incomelossfromcontinuingoperationsbeforeincometaxesminorityinterestandincomelossfromequitymethodinvestments": 118000000,
        "incometaxexpensebenefit": 4000000,
        "profitloss": 114000000,
        "dividendspreferredstock": 28000000,
        "netincomelossavailabletocommonstockholdersbasic": 86000000,
        "comprehensiveincomenetoftax": 114000000,
        "earningspersharebasic": 0.21,
        "earningspersharediluted": 0.21,
        "weightedaveragenumberofsharesoutstandingbasic": 409000000,
        "weightedaveragenumberofdilutedsharesoutstanding": 410000000,
        "commonstockdividendspersharedeclared": 1.05
    },
    {
        "date": "2017-09-29",
        "symbol": "CCI",
        "period": "Q3",
        "operatingleasesincomestatementleaserevenue": 724813000,
        "salesrevenueservicesnet": 153001000,
        "salesrevenuenet": 877814000,
        "directcostsofleasedandrentedpropertyorequipment": 212037000,
        "costofservices": 90845000,
        "sellinggeneralandadministrativeexpense": 22490000,
        "assetimpairmentcharges": 5312000,
        "acquisitionandintegrationcosts": 13180000,
        "depreciationamortizationandaccretionnet": 296033000,
        "costsandexpenses": 802671000,
        "operatingincomeloss": 260567000,
        "interestexpenseandamortizationofdeferredfinancingcosts": 154146000,
        "investmentincomeinterest": 11188000,
        "othernonoperatingincomeexpense": -32000,
        "incomelossfromcontinuingoperationsbeforeincometaxesminorityinterestandincomelossfromequitymethodinvestments": 117577000,
        "incometaxexpensebenefit": 2383000,
        "incomelossfromcontinuingoperations": 115194000,
        "profitloss": 115194000,
        "netincomelossavailabletocommonstockholdersbasic": 85259000,
        "othercomprehensiveincomelossforeigncurrencytransactionandtranslationadjustmentnetoftax": 224000,
        "othercomprehensiveincomelossnetoftax": 224000,
        "comprehensiveincomenetoftax": 115418000,
        "earningspersharebasic": 0.21000000000000002,
        "earningspersharediluted": 0.2,
        "weightedaveragenumberofsharesoutstandingbasic": 10899000,
        "weightedaveragenumberofdilutedsharesoutstanding": 11100000
    },
    {
        "date": "2017-06-29",
        "symbol": "CCI",
        "period": "Q2",
        "operatingleasesincomestatementleaserevenue": 577245000,
        "salesrevenueservicesnet": 148586000,
        "salesrevenuenet": 725831000,
        "directcostsofleasedandrentedpropertyorequipment": 155651000,
        "costofservices": 85965000,
        "sellinggeneralandadministrativeexpense": -54089000,
        "assetimpairmentcharges": 4327000,
        "acquisitionandintegrationcosts": 8250000,
        "depreciationamortizationandaccretionnet": 295615000,
        "costsandexpenses": 779835000,
        "operatingincomeloss": 258500000,
        "interestexpenseandamortizationofdeferredfinancingcosts": 141769000,
        "gainslossesonextinguishmentofdebt": 0,
        "investmentincomeinterest": 1027000,
        "othernonoperatingincomeexpense": -1106000,
        "incomelossfromcontinuingoperationsbeforeincometaxesminorityinterestandincomelossfromequitymethodinvestments": 116652000,
        "incometaxexpensebenefit": 4538000,
        "incomelossfromcontinuingoperations": 112114000,
        "profitloss": 112114000,
        "netincomelossavailabletocommonstockholdersbasic": 112114000,
        "othercomprehensiveincomelossforeigncurrencytransactionandtranslationadjustmentnetoftax": 530000,
        "othercomprehensiveincomelossnetoftax": 530000,
        "comprehensiveincomenetoftax": 112644000,
        "earningspersharebasic": 0.31,
        "earningspersharediluted": 0.31,
        "weightedaveragenumberofsharesoutstandingbasic": 1830000,
        "weightedaveragenumberofdilutedsharesoutstanding": 2165000
    },
    {
        "date": "2017-03-30",
        "symbol": "CCI",
        "period": "Q1",
        "operatingleasesincomestatementleaserevenue": 856936000,
        "salesrevenueservicesnet": 159006000,
        "salesrevenuenet": 1015942000,
        "directcostsofleasedandrentedpropertyorequipment": 265017000,
        "costofservices": 98808000,
        "sellinggeneralandadministrativeexpense": 100724000,
        "assetimpairmentcharges": 645000,
        "acquisitionandintegrationcosts": 5650000,
        "depreciationamortizationandaccretionnet": 288549000,
        "costsandexpenses": 759393000,
        "operatingincomeloss": 256549000,
        "interestexpenseandamortizationofdeferredfinancingcosts": 134487000,
        "gainslossesonextinguishmentofdebt": -3525000,
        "investmentincomeinterest": 370000,
        "othernonoperatingincomeexpense": 4600000,
        "incomelossfromcontinuingoperationsbeforeincometaxesminorityinterestandincomelossfromequitymethodinvestments": 123507000,
        "incometaxexpensebenefit": 4369000,
        "incomelossfromcontinuingoperations": 119138000,
        "profitloss": 119138000,
        "netincomelossavailabletocommonstockholdersbasic": 119138000,
        "othercomprehensiveincomelossforeigncurrencytransactionandtranslationadjustmentnetoftax": 175000,
        "othercomprehensiveincomelossnetoftax": 175000,
        "comprehensiveincomenetoftax": 119313000,
        "earningspersharebasic": 0.33,
        "earningspersharediluted": 0.33,
        "weightedaveragenumberofsharesoutstandingbasic": 360832000,
        "weightedaveragenumberofdilutedsharesoutstanding": 361727000
    },
    {
        "date": "2016-12-30",
        "symbol": "CCI",
        "period": "Q4",
        "operatingleasesincomestatementleaserevenue": 1018694000,
        "salesrevenueservicesnet": 243796000,
        "salesrevenuenet": 1262490000,
        "directcostsofleasedandrentedpropertyorequipment": 349963000,
        "costofservices": 156883000,
        "sellinggeneralandadministrativeexpense": 228720000,
        "assetimpairmentcharges": -1350000,
        "acquisitionandintegrationcosts": 5994000,
        "depreciationamortizationandaccretionnet": 273826000,
        "costsandexpenses": 770378000,
        "operatingincomeloss": 262038000,
        "interestexpenseandamortizationofdeferredfinancingcosts": 129376000,
        "gainslossesonextinguishmentofdebt": -3450000,
        "investmentincomeinterest": 342000,
        "othernonoperatingincomeexpense": -4212000,
        "incomelossfromcontinuingoperationsbeforeincometaxesminorityinterestandincomelossfromequitymethodinvestments": 128793000,
        "incometaxexpensebenefit": 4084000,
        "incomelossfromcontinuingoperations": 124709000,
        "profitloss": 124709000,
        "netincomeloss": 124709000,
        "netincomelossavailabletocommonstockholdersbasic": 124709000,
        "othercomprehensiveincomelossforeigncurrencytransactionandtranslationadjustmentnetoftax": -347000,
        "othercomprehensiveincomelossnetoftax": -347000,
        "comprehensiveincomenetoftaxincludingportionattributabletononcontrollinginterest": 124362000,
        "comprehensiveincomenetoftax": 124362000,
        "earningspersharebasic": 0.36,
        "earningspersharediluted": 0.36,
        "weightedaveragenumberofsharesoutstandingbasic": -668930000,
        "weightedaveragenumberofdilutedsharesoutstanding": -671068000
    },
    {
        "date": "2016-09-29",
        "symbol": "CCI",
        "period": "Q3",
        "operatingleasesincomestatementleaserevenue": 709603000,
        "salesrevenueservicesnet": 166979000,
        "salesrevenuenet": 876582000,
        "directcostsofleasedandrentedpropertyorequipment": 210322000,
        "costofservices": 97395000,
        "sellinggeneralandadministrativeexpense": 22225000,
        "assetimpairmentcharges": 8339000,
        "acquisitionandintegrationcosts": 2680000,
        "depreciationamortizationandaccretionnet": 280824000,
        "costsandexpenses": 747762000,
        "operatingincomeloss": 244254000,
        "interestexpenseandamortizationofdeferredfinancingcosts": 129916000,
        "gainslossesonextinguishmentofdebt": -10274000,
        "investmentincomeinterest": 175000,
        "othernonoperatingincomeexpense": -832000,
        "incomelossfromcontinuingoperationsbeforeincometaxesminorityinterestandincomelossfromequitymethodinvestments": 103407000,
        "incometaxexpensebenefit": 5041000,
        "incomelossfromcontinuingoperations": 98366000,
        "profitloss": 98366000,
        "netincomeloss": 98366000,
        "dividendspreferredstock": 10997000,
        "netincomelossavailabletocommonstockholdersbasic": 87369000,
        "othercomprehensiveincomelossforeigncurrencytransactionandtranslationadjustmentnetoftax": -1535000,
        "othercomprehensiveincomelossnetoftax": -1535000,
        "comprehensiveincomenetoftaxincludingportionattributabletononcontrollinginterest": 96831000,
        "comprehensiveincomenetoftax": 96831000,
        "earningspersharebasic": 0.26,
        "earningspersharediluted": 0.26,
        "weightedaveragenumberofsharesoutstandingbasic": 337564000,
        "weightedaveragenumberofdilutedsharesoutstanding": 338409000
    },
    {
        "date": "2016-06-29",
        "symbol": "CCI",
        "period": "Q2",
        "operatingleasesincomestatementleaserevenue": 705716000,
        "salesrevenueservicesnet": 142053000,
        "salesrevenuenet": 847769000,
        "directcostsofleasedandrentedpropertyorequipment": 210444000,
        "costofservices": 81922000,
        "sellinggeneralandadministrativeexpense": 22505000,
        "assetimpairmentcharges": 11952000,
        "acquisitionandintegrationcosts": 3141000,
        "depreciationamortizationandaccretionnet": 276026000,
        "costsandexpenses": 731224000,
        "operatingincomeloss": 231185000,
        "interestexpenseandamortizationofdeferredfinancingcosts": 129362000,
        "gainslossesonextinguishmentofdebt": -11468000,
        "investmentincomeinterest": 105000,
        "othernonoperatingincomeexpense": -518000,
        "incomelossfromcontinuingoperationsbeforeincometaxesminorityinterestandincomelossfromequitymethodinvestments": 89942000,
        "incometaxexpensebenefit": 3884000,
        "incomelossfromcontinuingoperations": 86058000,
        "profitloss": 86058000,
        "netincomeloss": 86058000,
        "dividendspreferredstock": 10997000,
        "netincomelossavailabletocommonstockholdersbasic": 75061000,
        "othercomprehensiveincomelossforeigncurrencytransactionandtranslationadjustmentnetoftax": 971000,
        "othercomprehensiveincomelossnetoftax": 971000,
        "comprehensiveincomenetoftaxincludingportionattributabletononcontrollinginterest": 87029000,
        "comprehensiveincomenetoftax": 87029000,
        "earningspersharebasic": 0.22,
        "earningspersharediluted": 0.22,
        "weightedaveragenumberofsharesoutstandingbasic": 337560000,
        "weightedaveragenumberofdilutedsharesoutstanding": 338609000
    },
    {
        "date": "2016-03-30",
        "symbol": "CCI",
        "period": "Q1",
        "operatingleasesincomestatementleaserevenue": 799294000,
        "salesrevenueservicesnet": 135090000,
        "salesrevenuenet": 934384000,
        "directcostsofleasedandrentedpropertyorequipment": 252621000,
        "costofservices": 80971000,
        "sellinggeneralandadministrativeexpense": 97581000,
        "assetimpairmentcharges": 7959000,
        "acquisitionandintegrationcosts": 5638000,
        "depreciationamortizationandaccretionnet": 277875000,
        "costsandexpenses": 722645000,
        "operatingincomeloss": 211739000,
        "interestexpenseandamortizationofdeferredfinancingcosts": 126378000,
        "gainslossesonextinguishmentofdebt": -1930000,
        "investmentincomeinterest": 174000,
        "othernonoperatingincomeexpense": -3273000,
        "incomelossfromcontinuingoperationsbeforeincometaxesminorityinterestandincomelossfromequitymethodinvestments": 51712000,
        "incometaxexpensebenefit": 3872000,
        "incomelossfromcontinuingoperations": 47840000,
        "profitloss": 47840000,
        "netincomeloss": 47840000,
        "dividendspreferredstock": 10997000,
        "netincomelossavailabletocommonstockholdersbasic": 36843000,
        "othercomprehensiveincomelossforeigncurrencytransactionandtranslationadjustmentnetoftax": -579000,
        "othercomprehensiveincomelossnetoftax": -579000,
        "comprehensiveincomenetoftaxincludingportionattributabletononcontrollinginterest": 47261000,
        "comprehensiveincomenetoftax": 47261000,
        "earningspersharebasic": 0.11,
        "earningspersharediluted": 0.11,
        "weightedaveragenumberofsharesoutstandingbasic": 334155000,
        "weightedaveragenumberofdilutedsharesoutstanding": 334929000
    },
    {
        "date": "2015-09-29",
        "symbol": "CCI",
        "period": "Q3",
        "operatingleasesincomestatementleaserevenue": 728380000,
        "salesrevenueservicesnet": 149197000,
        "salesrevenuenet": 877577000,
        "directcostsofleasedandrentedpropertyorequipment": 238233000,
        "costofservices": 84899000,
        "sellinggeneralandadministrativeexpense": 71268000,
        "assetimpairmentcharges": 7409000,
        "acquisitionandintegrationcosts": 7605000,
        "depreciationamortizationandaccretionnet": 255408000,
        "costsandexpenses": 664822000,
        "operatingincomeloss": 212755000,
        "interestexpenseandamortizationofdeferredfinancingcosts": 129877000,
        "investmentincomeinterest": 736000,
        "othernonoperatingincomeexpense": 58546000,
        "incomelossfromcontinuingoperationsbeforeincometaxesminorityinterestandincomelossfromequitymethodinvestments": 82405000,
        "incometaxexpensebenefit": -8518000,
        "profitloss": 103779000,
        "netincomelossattributabletononcontrollinginterest": 0,
        "netincomeloss": 103779000,
        "dividendspreferredstock": 32991000,
        "netincomelossavailabletocommonstockholdersbasic": -101259000,
        "othercomprehensiveincomelossreclassificationadjustmentfromaocionderivativesnetoftax": -3744000,
        "othercomprehensiveincomelossforeigncurrencytransactionandtranslationadjustmentnetoftax": -632000,
        "othercomprehensiveincomelossnetoftax": 3112000,
        "comprehensiveincomenetoftaxincludingportionattributabletononcontrollinginterest": 106891000,
        "comprehensiveincomenetoftax": 109362000,
        "earningspersharebasic": -0.3,
        "earningspersharediluted": -0.3,
        "weightedaveragenumberofsharesoutstandingbasic": -332852000,
        "weightedaveragenumberofdilutedsharesoutstanding": -333483000
    },
    {
        "date": "2015-06-29",
        "symbol": "CCI",
        "period": "Q2",
        "operatingleasesincomestatementleaserevenue": 737091000,
        "salesrevenueservicesnet": 162346000,
        "salesrevenuenet": 899437000,
        "directcostsofleasedandrentedpropertyorequipment": 237031000,
        "costofservices": 89400000,
        "sellinggeneralandadministrativeexpense": 73125000,
        "assetimpairmentcharges": 3620000,
        "acquisitionandintegrationcosts": 2377000,
        "depreciationamortizationandaccretionnet": 253153000,
        "costsandexpenses": 658706000,
        "operatingincomeloss": 240731000,
        "interestexpenseandamortizationofdeferredfinancingcosts": 134466000,
        "gainslossesonextinguishmentofdebt": -4181000,
        "gainlossonforeigncurrencyderivativeinstrumentsnotdesignatedashedginginstruments": 59779000,
        "investmentincomeinterest": 325000,
        "othernonoperatingincomeexpense": 194000,
        "incomelossfromcontinuingoperationsbeforeincometaxesminorityinterestandincomelossfromequitymethodinvestments": 162382000,
        "incometaxexpensebenefit": -4144000,
        "incomelossfromcontinuingoperations": 166526000,
        "incomelossfromdiscontinuedoperationsnetoftaxattributabletoreportingentity": 6312000,
        "discontinuedoperationgainlossondisposalofdiscontinuedoperationnetoftax": 981540000,
        "incomelossfromdiscontinuedoperationsnetoftaxandgainlossondisposal": 987852000,
        "profitloss": 1154378000,
        "netincomelossattributabletononcontrollinginterest": 1018000,
        "netincomeloss": 1153360000,
        "dividendspreferredstock": -10997000,
        "netincomelossavailabletocommonstockholdersbasic": 986834000,
        "othercomprehensiveincomelossreclassificationadjustmentfromaocionderivativesnetoftax": -7490000,
        "othercomprehensiveincomelossforeigncurrencytransactionandtranslationadjustmentnetoftax": 3401000,
        "amountsreclassifiedintodiscontinuedoperationsforforeigncurrencytranslationadjustments": -25678000,
        "othercomprehensiveincomelossnetoftax": -14787000,
        "comprehensiveincomenetoftaxincludingportionattributabletononcontrollinginterest": 1139591000,
        "othercomprehensiveincomelossnetoftaxportionattributabletononcontrollinginterest": 1401000,
        "comprehensiveincomenetoftax": 1138190000,
        "earningspersharebasic": 2.96,
        "earningspersharediluted": 2.95,
        "weightedaveragenumberofsharesoutstandingbasic": 333091000,
        "weightedaveragenumberofdilutedsharesoutstanding": 333733000
    },
    {
        "date": "2015-03-30",
        "symbol": "CCI",
        "period": "Q1",
        "operatingleasesincomestatementleaserevenue": 767606000,
        "salesrevenueservicesnet": 173395000,
        "salesrevenuenet": 941001000,
        "directcostsofleasedandrentedpropertyorequipment": 240980000,
        "costofservices": 88878000,
        "sellinggeneralandadministrativeexpense": 79487000,
        "assetimpairmentcharges": 8623000,
        "acquisitionandintegrationcosts": 2019000,
        "depreciationamortizationandaccretionnet": 258060000,
        "costsandexpenses": 678047000,
        "operatingincomeloss": 262954000,
        "interestexpenseandamortizationofdeferredfinancingcosts": 134439000,
        "investmentincomeinterest": 109000,
        "othernonoperatingincomeexpense": -230000,
        "incomelossfromcontinuingoperationsbeforeincometaxesminorityinterestandincomelossfromequitymethodinvestments": 128394000,
        "incometaxexpensebenefit": 3282000,
        "profitloss": 125112000,
        "netincomelossattributabletononcontrollinginterest": 2325000,
        "netincomeloss": 122787000,
        "dividendspreferredstock": 10997000,
        "netincomelossavailabletocommonstockholdersbasic": 111790000,
        "othercomprehensiveincomelossreclassificationadjustmentfromaocionderivativesnetoftax": -7491000,
        "othercomprehensiveincomelossforeigncurrencytransactionandtranslationadjustmentnetoftax": -16262000,
        "othercomprehensiveincomelossnetoftax": -8771000,
        "comprehensiveincomenetoftaxincludingportionattributabletononcontrollinginterest": 116341000,
        "othercomprehensiveincomelossnetoftaxportionattributabletononcontrollinginterest": 1070000,
        "comprehensiveincomenetoftax": 115271000,
        "earningspersharebasic": 0.34,
        "earningspersharediluted": 0.34,
        "weightedaveragenumberofsharesoutstandingbasic": 332712000,
        "weightedaveragenumberofdilutedsharesoutstanding": 333485000,
        "commonstockdividendspersharedeclared": 0.82
    },
    {
        "date": "2014-09-29",
        "symbol": "CCI",
        "period": "Q3",
        "operatingleasesincomestatementleaserevenue": 1400045000,
        "salesrevenueservicesnet": 2872000,
        "salesrevenuenet": 1700459000,
        "directcostsofleasedandrentedpropertyorequipment": 447672000,
        "costofservices": 272893000,
        "sellinggeneralandadministrativeexpense": -51300000,
        "assetimpairmentcharges": 7471000,
        "depreciationamortizationandaccretionnet": 486137000,
        "costsandexpenses": -610067000,
        "operatingincomeloss": 239052000,
        "interestexpenseandamortizationofdeferredfinancingcosts": 439834000,
        "investmentincomeinterest": 134000,
        "othernonoperatingincomeexpense": -3862000,
        "incomelossfromcontinuingoperationsbeforeincometaxesminorityinterestandincomelossfromequitymethodinvestments": 108519000,
        "incometaxexpensebenefit": 8351000,
        "profitloss": -18091000,
        "netincomelossattributabletononcontrollinginterest": 1100000,
        "netincomeloss": -112860000,
        "netincomelossavailabletocommonstockholdersbasic": 95940000,
        "othercomprehensiveincomelossreclassificationadjustmentfromaocionderivativesnetoftax": -15551000,
        "othercomprehensiveincomelossforeigncurrencytransactionandtranslationadjustmentnetoftax": -24177000,
        "othercomprehensiveincomelossnetoftax": -2294000,
        "comprehensiveincomenetoftaxincludingportionattributabletononcontrollinginterest": 99411000,
        "othercomprehensiveincomelossnetoftaxportionattributabletononcontrollinginterest": -327000,
        "comprehensiveincomenetoftax": 99738000,
        "earningspersharebasic": 0.29000000000000004,
        "earningspersharediluted": 0.29000000000000004,
        "weightedaveragenumberofsharesoutstandingbasic": -332114000,
        "weightedaveragenumberofdilutedsharesoutstanding": -333106000,
        "commonstockdividendspersharedeclared": 0.3500000000000001
    },
    {
        "date": "2014-06-29",
        "symbol": "CCI",
        "period": "Q2",
        "operatingleasesincomestatementleaserevenue": 710783000,
        "salesrevenueservicesnet": 2546000,
        "salesrevenuenet": 878242000,
        "directcostsofleasedandrentedpropertyorequipment": 9959000,
        "costofservices": 1546000,
        "sellinggeneralandadministrativeexpense": 63318000,
        "assetimpairmentcharges": 3105000,
        "acquisitionandintegrationcosts": 19125000,
        "depreciationamortizationandaccretionnet": 7652000,
        "costsandexpenses": 661064000,
        "operatingincomeloss": 217178000,
        "interestexpenseandamortizationofdeferredfinancingcosts": -3930000,
        "gainslossesonextinguishmentofdebt": -44629000,
        "investmentincomeinterest": 81000,
        "othernonoperatingincomeexpense": -3930000,
        "incomelossfromcontinuingoperationsbeforeincometaxesminorityinterestandincomelossfromequitymethodinvestments": 35149000,
        "incometaxexpensebenefit": 2893000,
        "profitloss": 29234000,
        "netincomelossattributabletononcontrollinginterest": 1348000,
        "netincomeloss": 29234000,
        "preferredstockdividendsandotheradjustments": 10997000,
        "netincomelossavailabletocommonstockholdersbasic": 23012000,
        "othercomprehensiveincomelossreclassificationadjustmentfromaocionderivativesnetoftax": -16162000,
        "othercomprehensiveincomelossforeigncurrencytransactionandtranslationadjustmentnetoftax": 6332000,
        "othercomprehensiveincomelossnetoftax": 16162000,
        "comprehensiveincomenetoftaxincludingportionattributabletononcontrollinginterest": 57851000,
        "othercomprehensiveincomelossnetoftaxportionattributabletononcontrollinginterest": 1696000,
        "comprehensiveincomenetoftax": 56155000,
        "earningspersharebasic": 0.07,
        "earningspersharediluted": 0.07,
        "weightedaveragenumberofsharesoutstandingbasic": 332344000,
        "weightedaveragenumberofdilutedsharesoutstanding": 333081000,
        "commonstockdividendspersharedeclared": 0.35
    },
    {
        "date": "2014-03-30",
        "symbol": "CCI",
        "period": "Q1",
        "operatingleasesincomestatementleaserevenue": 32370000,
        "salesrevenueservicesnet": 1817000,
        "salesrevenuenet": 34187000,
        "directcostsofleasedandrentedpropertyorequipment": 218644000,
        "costofservices": 1075000,
        "sellinggeneralandadministrativeexpense": 6208000,
        "assetimpairmentcharges": 97000,
        "acquisitionandintegrationcosts": 5659000,
        "depreciationamortizationandaccretionnet": 245176000,
        "costsandexpenses": 21827000,
        "operatingincomeloss": 239208000,
        "interestexpenseandamortizationofdeferredfinancingcosts": -3683000,
        "investmentincomeinterest": 114000,
        "othernonoperatingincomeexpense": -3683000,
        "incomelossfromcontinuingoperationsbeforeincometaxesminorityinterestandincomelossfromequitymethodinvestments": 102605000,
        "incometaxexpensebenefit": -3040000,
        "profitloss": 5884000,
        "netincomelossattributabletononcontrollinginterest": 1296000,
        "netincomeloss": 96909000,
        "preferredstockdividendsandotheradjustments": 10997000,
        "netincomelossavailabletocommonstockholdersbasic": 90500000,
        "othercomprehensiveincomelossreclassificationadjustmentfromaocionderivativesnetoftax": -16182000,
        "othercomprehensiveincomelossforeigncurrencytransactionandtranslationadjustmentnetoftax": 12137000,
        "othercomprehensiveincomelossnetoftax": 28319000,
        "comprehensiveincomenetoftaxincludingportionattributabletononcontrollinginterest": 131112000,
        "othercomprehensiveincomelossnetoftaxportionattributabletononcontrollinginterest": 1944000,
        "comprehensiveincomenetoftax": 129168000,
        "earningspersharebasic": 0.27,
        "earningspersharediluted": 0.27,
        "weightedaveragenumberofsharesoutstandingbasic": 332034000,
        "weightedaveragenumberofdilutedsharesoutstanding": 333045000,
        "commonstockdividendspersharedeclared": 0.35
    },
    {
        "date": "2013-09-29",
        "symbol": "CCI",
        "period": "Q3",
        "operatingleasesincomestatementleaserevenue": 31351000,
        "salesrevenueservicesnet": 6148000,
        "salesrevenuenet": 711478000,
        "directcostsofleasedandrentedpropertyorequipment": 172791000,
        "costofservices": 4069000,
        "sellinggeneralandadministrativeexpense": 52312000,
        "assetimpairmentcharges": 3022000,
        "acquisitionandintegrationcosts": 4243000,
        "depreciationamortizationandaccretionnet": 186521000,
        "costsandexpenses": 496818000,
        "operatingincomeloss": 214660000,
        "interestexpenseandamortizationofdeferredfinancingcosts": 142016000,
        "gainslossesonextinguishmentofdebt": -1000,
        "investmentincomeinterest": 144000,
        "othernonoperatingincomeexpense": -3949000,
        "incomelossfromcontinuingoperationsbeforeincometaxesminorityinterestandincomelossfromequitymethodinvestments": 80427000,
        "incometaxexpensebenefit": 1421000,
        "profitloss": 43544000,
        "netincomelossattributabletononcontrollinginterest": 632000,
        "netincomeloss": 43544000,
        "netincomelossavailabletocommonstockholdersbasic": 45836000,
        "othercomprehensiveincomelossreclassificationadjustmentfromaocionderivativesnetoftax": -10544000,
        "othercomprehensiveincomelossforeigncurrencytransactionandtranslationadjustmentnetoftax": 5874000,
        "othercomprehensiveincomelossnetoftax": 10544000,
        "comprehensiveincomenetoftaxincludingportionattributabletononcontrollinginterest": 62886000,
        "othercomprehensiveincomelossnetoftaxportionattributabletononcontrollinginterest": 898000,
        "comprehensiveincomenetoftax": 61988000,
        "earningspersharebasic": 0.16,
        "earningspersharediluted": 0.16,
        "weightedaveragenumberofsharesoutstandingbasic": 290372000,
        "weightedaveragenumberofdilutedsharesoutstanding": 291378000,
        "othercomprehensiveincomelossderivativesqualifyingashedgestax": 5678000
    },
    {
        "date": "2013-06-29",
        "symbol": "CCI",
        "period": "Q2",
        "operatingleasesincomestatementleaserevenue": 33265000,
        "salesrevenueservicesnet": 5022000,
        "salesrevenuenet": 696641000,
        "directcostsofleasedandrentedpropertyorequipment": 169234000,
        "costofservices": 4164000,
        "sellinggeneralandadministrativeexpense": 49225000,
        "assetimpairmentcharges": 3008000,
        "acquisitionandintegrationcosts": 185000,
        "depreciationamortizationandaccretionnet": 183304000,
        "costsandexpenses": 477836000,
        "operatingincomeloss": 218805000,
        "interestexpenseandamortizationofdeferredfinancingcosts": 140256000,
        "gainslossesonextinguishmentofdebt": -577000,
        "investmentincomeinterest": 82000,
        "othernonoperatingincomeexpense": 4808000,
        "incomelossfromcontinuingoperationsbeforeincometaxesminorityinterestandincomelossfromequitymethodinvestments": 89963000,
        "incometaxexpensebenefit": 34304000,
        "profitloss": 4654000,
        "netincomelossattributabletononcontrollinginterest": 1017000,
        "netincomeloss": 48722000,
        "netincomelossavailabletocommonstockholdersbasic": 52359000,
        "othercomprehensiveincomelossreclassificationadjustmentonderivativesincludedinnetincomenetoftax": -10557000,
        "othercomprehensiveincomelossforeigncurrencytransactionandtranslationadjustmentnetoftax": -37827000,
        "othercomprehensiveincomelossnetoftax": 10557000,
        "comprehensiveincomenetoftaxincludingportionattributabletononcontrollinginterest": 26106000,
        "othercomprehensiveincomelossnetoftaxportionattributabletononcontrollinginterest": -798000,
        "comprehensiveincomenetoftax": 26904000,
        "earningspersharebasic": 0.18,
        "earningspersharediluted": 0.18,
        "weightedaveragenumberofsharesoutstandingbasic": 291225000,
        "weightedaveragenumberofdilutedsharesoutstanding": 292706000,
        "othercomprehensiveincomelossderivativesqualifyingashedgestax": 5685000
    },
    {
        "date": "2013-03-30",
        "symbol": "CCI",
        "period": "Q1",
        "operatingleasesincomestatementleaserevenue": 581265000,
        "salesrevenueservicesnet": 6783000,
        "salesrevenuenet": 699127000,
        "directcostsofleasedandrentedpropertyorequipment": 167591000,
        "costofservices": 71848000,
        "sellinggeneralandadministrativeexpense": 52562000,
        "assetimpairmentcharges": 112000,
        "acquisitionandintegrationcosts": 1602000,
        "depreciationamortizationandaccretionnet": 179126000,
        "costsandexpenses": 28673000,
        "operatingincomeloss": 222795000,
        "interestexpenseandamortizationofdeferredfinancingcosts": 4445000,
        "gainslossesonextinguishmentofdebt": -35909000,
        "investmentincomeinterest": 203000,
        "othernonoperatingincomeexpense": 3819000,
        "incomelossfromcontinuingoperationsbeforeincometaxesminorityinterestandincomelossfromequitymethodinvestments": 34445000,
        "incometaxexpensebenefit": 2095000,
        "profitloss": 10926000,
        "netincomelossattributabletononcontrollinginterest": 1275000,
        "netincomeloss": 10926000,
        "netincomelossavailabletocommonstockholdersbasic": 15462000,
        "othercomprehensiveincomelossreclassificationadjustmentonderivativesincludedinnetincomenetoftax": -10570000,
        "othercomprehensiveincomelossforeigncurrencytransactionandtranslationadjustmentnetoftax": -390000,
        "othercomprehensiveincomelossnetoftax": -815000,
        "comprehensiveincomenetoftaxincludingportionattributabletononcontrollinginterest": 26917000,
        "othercomprehensiveincomelossnetoftaxportionattributabletononcontrollinginterest": 1700000,
        "comprehensiveincomenetoftax": 25217000,
        "earningspersharebasic": 0.05,
        "earningspersharediluted": 0.05,
        "weightedaveragenumberofsharesoutstandingbasic": 291102000,
        "weightedaveragenumberofdilutedsharesoutstanding": 292570000,
        "othercomprehensiveincomelossderivativesqualifyingashedgestax": 5692000
    },
    {
        "date": "2012-09-29",
        "symbol": "CCI",
        "period": "Q3",
        "operatingleasesincomestatementleaserevenue": 31515000,
        "salesrevenueservicesnet": 78287000,
        "salesrevenuenet": 1578071000,
        "directcostsofleasedandrentedpropertyorequipment": 126059000,
        "costofservices": 102105000,
        "sellinggeneralandadministrativeexpense": 50461000,
        "assetimpairmentcharges": 42000,
        "acquisitionandintegrationcosts": 0,
        "depreciationamortizationandaccretionnet": 147186000,
        "costsandexpenses": -598299000,
        "operatingincomeloss": 210780000,
        "interestexpenseandamortizationofdeferredfinancingcosts": 144950000,
        "gainslossesonextinguishmentofdebt": 0,
        "investmentincomeinterest": 384000,
        "othernonoperatingincomeexpense": 21193000,
        "incomelossfromcontinuingoperationsbeforeincometaxesminorityinterestandincomelossfromequitymethodinvestments": 75478000,
        "incometaxexpensebenefit": -31893000,
        "profitloss": 5176000,
        "netincomelossattributabletononcontrollinginterest": 2979000,
        "netincomeloss": -150597000,
        "netincomelossavailabletocommonstockholdersbasic": 42045000,
        "comprehensiveincomenetoftaxincludingportionattributabletononcontrollinginterest": 60648000,
        "othercomprehensiveincomelossnetoftaxportionattributabletononcontrollinginterest": 1171000,
        "comprehensiveincomenetoftax": 59477000,
        "earningspersharebasic": 0.14000000000000004,
        "earningspersharediluted": 0.14000000000000004,
        "weightedaveragenumberofsharesoutstandingbasic": 994000,
        "weightedaveragenumberofdilutedsharesoutstanding": 1498000
    },
    {
        "date": "2012-06-29",
        "symbol": "CCI",
        "period": "Q2",
        "operatingleasesincomestatementleaserevenue": -408882000,
        "salesrevenueservicesnet": 62049000,
        "salesrevenuenet": 35701000,
        "directcostsofleasedandrentedpropertyorequipment": 228080000,
        "costofservices": 3416000,
        "sellinggeneralandadministrativeexpense": 41541000,
        "assetimpairmentcharges": -3022000,
        "acquisitionandintegrationcosts": 26000,
        "depreciationamortizationandaccretionnet": 144793000,
        "costsandexpenses": 357358000,
        "operatingincomeloss": 378948000,
        "interestexpenseandamortizationofdeferredfinancingcosts": 144940000,
        "gainslossesonextinguishmentofdebt": -7518000,
        "investmentincomeinterest": 124000,
        "othernonoperatingincomeexpense": -14611000,
        "incomelossfromcontinuingoperationsbeforeincometaxesminorityinterestandincomelossfromequitymethodinvestments": 48652000,
        "incometaxexpensebenefit": -5164000,
        "profitloss": -40865000,
        "netincomelossattributabletononcontrollinginterest": -58000,
        "netincomeloss": 158666000,
        "preferredstockdividendsandotheradjustments": 0,
        "netincomelossavailabletocommonstockholdersbasic": 116013000,
        "othercomprehensiveincomereclassificationadjustmentonderivativesincludedinnetincomenetoftax": -10609000,
        "othercomprehensiveincomeforeigncurrencytransactionandtranslationadjustmentnetoftaxperiodincreasedecrease": -6645000,
        "othercomprehensiveincomelossnetoftaxperiodincreasedecrease": 28657000,
        "comprehensiveincomenetoftaxincludingportionattributabletononcontrollinginterest": 121048000,
        "othercomprehensiveincomelossnetoftaxportionattributabletononcontrollinginterest": 1057000,
        "comprehensiveincomenetoftax": 119991000,
        "earningspersharebasic": 0.3999999999999999,
        "earningspersharediluted": 0.3999999999999999,
        "weightedaveragenumberofsharesoutstandingbasic": 2868000,
        "weightedaveragenumberofdilutedsharesoutstanding": 3176000
    },
    {
        "date": "2012-03-30",
        "symbol": "CCI",
        "period": "Q1",
        "operatingleasesincomestatementleaserevenue": 468119000,
        "salesrevenueservicesnet": 46968000,
        "salesrevenuenet": 36658000,
        "directcostsofleasedandrentedpropertyorequipment": 8927000,
        "costofservices": 4719000,
        "sellinggeneralandadministrativeexpense": 43653000,
        "assetimpairmentcharges": 3033000,
        "acquisitionandintegrationcosts": 28000,
        "depreciationamortizationandaccretionnet": 131641000,
        "costsandexpenses": 320725000,
        "operatingincomeloss": 7866000,
        "interestexpenseandamortizationofdeferredfinancingcosts": 137459000,
        "gainslossesonextinguishmentofdebt": -7068000,
        "investmentincomeinterest": 157000,
        "othernonoperatingincomeexpense": 4287000,
        "incomelossfromcontinuingoperationsbeforeincometaxesminorityinterestandincomelossfromequitymethodinvestments": 56965000,
        "incometaxexpensebenefit": 6174000,
        "profitloss": 48145000,
        "netincomelossattributabletononcontrollinginterest": -210000,
        "netincomeloss": 1676000,
        "preferredstockdividendsandotheradjustments": 2629000,
        "netincomelossavailabletocommonstockholdersbasic": 47402000,
        "othercomprehensiveincomereclassificationadjustmentonderivativesincludedinnetincomenetoftax": -16338000,
        "othercomprehensiveincomeforeigncurrencytransactionandtranslationadjustmentnetoftaxperiodincreasedecrease": 6889000,
        "othercomprehensiveincomelossnetoftaxperiodincreasedecrease": -726000,
        "comprehensiveincomenetoftaxincludingportionattributabletononcontrollinginterest": 73497000,
        "othercomprehensiveincomelossnetoftaxportionattributabletononcontrollinginterest": -487000,
        "comprehensiveincomenetoftax": 73984000,
        "earningspersharebasic": 0.17,
        "earningspersharediluted": 0.17,
        "weightedaveragenumberofsharesoutstandingbasic": 284913000,
        "weightedaveragenumberofdilutedsharesoutstanding": 285853000
    },
    {
        "date": "2011-09-29",
        "symbol": "CCI",
        "period": "Q3",
        "operatingleasesincomestatementleaserevenue": 842942000,
        "salesrevenueservicesnet": 40853000,
        "salesrevenuenet": 920596000,
        "directcostsofleasedandrentedpropertyorequipment": 216006000,
        "costofservices": 22713000,
        "sellinggeneralandadministrativeexpense": 37295000,
        "assetimpairmentcharges": 8820000,
        "acquisitionandintegrationcosts": 617000,
        "depreciationamortizationandaccretionnet": 253663000,
        "costsandexpenses": 592995000,
        "operatingincomeloss": -145044000,
        "interestexpenseandamortizationofdeferredfinancingcosts": -5755000,
        "othernonoperatingincomeexpense": -11712000,
        "incomelossfromcontinuingoperationsbeforeincometaxesminorityinterestandincomelossfromequitymethodinvestments": 54208000,
        "incometaxexpensebenefit": 2485000,
        "profitloss": -38208000,
        "netincomelossattributabletononcontrollinginterest": -391000,
        "netincomeloss": -38076000,
        "netincomelossavailabletocommonstockholdersbasic": 43737000,
        "othercomprehensiveincomeunrealizedholdinggainlossonsecuritiesarisingduringperiodnetoftax": 0,
        "othercomprehensiveincomeunrealizedgainlossonderivativesarisingduringperiodnetoftax": -43000,
        "othercomprehensiveincomereclassificationadjustmentonderivativesincludedinnetincomenetoftax": -17986000,
        "othercomprehensiveincomeforeigncurrencytransactionandtranslationadjustmentnetoftaxperiodincreasedecrease": -16816000,
        "comprehensiveincomenetoftaxincludingportionattributabletononcontrollinginterest": 52510000,
        "othercomprehensiveincomelossnetoftaxportionattributabletononcontrollinginterest": 88000,
        "comprehensiveincomenetoftax": 52422000,
        "earningspersharebasic": 0.16000000000000003,
        "earningspersharediluted": 0.15000000000000002,
        "weightedaveragenumberofsharesoutstandingbasic": -287508000,
        "weightedaveragenumberofdilutedsharesoutstanding": -289163000
    },
    {
        "date": "2011-06-29",
        "symbol": "CCI",
        "period": "Q2",
        "operatingleasesincomestatementleaserevenue": 27649000,
        "salesrevenueservicesnet": 40017000,
        "salesrevenuenet": 30865000,
        "directcostsofleasedandrentedpropertyorequipment": 8990000,
        "costofservices": 23576000,
        "sellinggeneralandadministrativeexpense": 36702000,
        "assetimpairmentcharges": 275000,
        "acquisitionandintegrationcosts": 490000,
        "depreciationamortizationandaccretionnet": 7703000,
        "costsandexpenses": 23855000,
        "operatingincomeloss": 7010000,
        "interestexpenseandamortizationofdeferredfinancingcosts": -5817000,
        "othernonoperatingincomeexpense": 140000,
        "incomelossfromcontinuingoperationsbeforeincometaxesminorityinterestandincomelossfromequitymethodinvestments": 36769000,
        "incometaxexpensebenefit": 571000,
        "profitloss": 763000,
        "netincomelossattributabletononcontrollinginterest": 143000,
        "netincomeloss": 620000,
        "preferredstockdividends": 5202000,
        "netincomelossavailabletocommonstockholdersbasic": 25669000,
        "othercomprehensiveincomeunrealizedholdinggainlossonsecuritiesarisingduringperiodnetoftax": -1160000,
        "othercomprehensiveincomeunrealizedgainlossonderivativesarisingduringperiodnetoftax": -425000,
        "othercomprehensiveincomereclassificationadjustmentonderivativesincludedinnetincomenetoftax": -17959000,
        "othercomprehensiveincomeforeigncurrencytransactionandtranslationadjustmentnetoftaxperiodincreasedecrease": 6084000,
        "comprehensiveincomenetoftaxincludingportionattributabletononcontrollinginterest": 53472000,
        "othercomprehensiveincomelossnetoftaxportionattributabletononcontrollinginterest": 150000,
        "comprehensiveincomenetoftax": 53322000,
        "earningspersharebasic": 0.09,
        "earningspersharediluted": 0.09,
        "weightedaveragenumberofsharesoutstandingbasic": 285280000,
        "weightedaveragenumberofdilutedsharesoutstanding": 287026000
    },
    {
        "date": "2011-03-30",
        "symbol": "CCI",
        "period": "Q1",
        "operatingleasesincomestatementleaserevenue": 430643000,
        "salesrevenueservicesnet": 37664000,
        "salesrevenuenet": 468307000,
        "directcostsofleasedandrentedpropertyorequipment": 110425000,
        "costofservices": 23957000,
        "sellinggeneralandadministrativeexpense": 39597000,
        "assetimpairmentcharges": 4357000,
        "acquisitionandintegrationcosts": 554000,
        "depreciationamortizationandaccretionnet": 129976000,
        "costsandexpenses": 308866000,
        "operatingincomeloss": 159441000,
        "interestexpenseandamortizationofdeferredfinancingcosts": -5617000,
        "othernonoperatingincomeexpense": -5617000,
        "incomelossfromcontinuingoperationsbeforeincometaxesminorityinterestandincomelossfromequitymethodinvestments": 39307000,
        "incometaxexpensebenefit": -1369000,
        "netincomelossattributabletononcontrollinginterest": 107000,
        "netincomeloss": 39532000,
        "preferredstockdividends": 5201000,
        "netincomelossavailabletocommonstockholdersbasic": 34816000,
        "profitloss": 40017000,
        "othercomprehensiveincomeunrealizedholdinggainlossonsecuritiesarisingduringperiodnetoftax": -6377000,
        "othercomprehensiveincomeunrealizedgainlossonderivativesarisingduringperiodnetoftax": -425000,
        "othercomprehensiveincomereclassificationadjustmentonderivativesincludedinnetincomenetoftax": -17889000,
        "othercomprehensiveincomeforeigncurrencytransactionandtranslationadjustmentnetoftaxperiodincreasedecrease": 4070000,
        "comprehensiveincomenetoftaxincludingportionattributabletononcontrollinginterest": 55281000,
        "othercomprehensiveincomelossnetoftaxportionattributabletononcontrollinginterest": 483000,
        "comprehensiveincomenetoftax": 54798000,
        "earningspersharebasic": 0.12,
        "earningspersharediluted": 0.12,
        "weightedaveragenumberofsharesoutstandingbasic": 286998000,
        "weightedaveragenumberofdilutedsharesoutstanding": 289005000
    },
    {
        "date": "2010-09-29",
        "symbol": "CCI",
        "period": "Q3",
        "operatingleasesincomestatementleaserevenue": 414265000,
        "salesrevenueservicesnet": 42544000,
        "salesrevenuenet": 456809000,
        "directcostsofleasedandrentedpropertyorequipment": 108966000,
        "costofservices": 25192000,
        "sellinggeneralandadministrativeexpense": 37495000,
        "assetimpairmentcharges": 4325000,
        "acquisitionandintegrationcosts": 867000,
        "depreciationamortizationandaccretionnet": 129169000,
        "costsandexpenses": 306014000,
        "operatingincomeloss": 150795000,
        "interestexpenseandamortizationofdeferredfinancingcosts": -5077000,
        "gainslossesonextinguishmentofdebt": -71933000,
        "gainlossoninterestratederivativeinstrumentsnotdesignatedashedginginstruments": -104421000,
        "othernonoperatingincomeexpense": -5077000,
        "incomelossfromcontinuingoperationsbeforeincometaxesminorityinterestandincomelossfromequitymethodinvestments": -142747000,
        "incometaxexpensebenefit": -8096000,
        "profitloss": -135009000,
        "netincomelossattributabletononcontrollinginterest": -141000,
        "netincomeloss": -134579000,
        "preferredstockdividends": 5201000,
        "netincomelossavailabletocommonstockholdersbasic": -140210000,
        "othercomprehensiveincomeunrealizedholdinggainlossonsecuritiesarisingduringperiodnetoftax": -1265000,
        "othercomprehensiveincomeunrealizedgainlossonderivativesarisingduringperiodnetoftax": -17562000,
        "othercomprehensiveincomereclassificationadjustmentonderivativesincludedinnetincomenetoftax": -16266000,
        "othercomprehensiveincomeforeigncurrencytransactionandtranslationadjustmentnetoftaxperiodincreasedecrease": 26108000,
        "comprehensiveincomenetoftaxincludingportionattributabletononcontrollinginterest": -111603000,
        "othercomprehensiveincomelossnetoftaxportionattributabletononcontrollinginterest": -196000,
        "comprehensiveincomenetoftax": -111407000,
        "earningspersharebasic": -0.49,
        "earningspersharediluted": -0.49,
        "weightedaveragenumberofsharesoutstandingbasic": 286119000,
        "weightedaveragenumberofdilutedsharesoutstanding": 286119000,
        "othercomprehensiveincomederivativesqualifyingashedgestaxeffectperiodincreasedecrease": -909000
    },
    {
        "date": "2010-03-30",
        "symbol": "CCI",
        "period": "Q1",
        "operatingleasesincomestatementleaserevenue": 406872000,
        "salesrevenueservicesnet": 37455000,
        "salesrevenuenet": 444327000,
        "directcostsofleasedandrentedpropertyorequipment": 113755000,
        "costofservices": 26296000,
        "sellinggeneralandadministrativeexpense": 39473000,
        "assetimpairmentcharges": 1562000,
        "depreciationamortizationandaccretionnet": 132868000,
        "costsandexpenses": 313954000,
        "operatingincomeloss": 130373000,
        "interestexpenseandamortizationofdeferredfinancingcosts": 120781000,
        "gainslossesonextinguishmentofdebt": -66434000,
        "gainlossoninterestratederivativeinstrumentsnotdesignatedashedginginstruments": -73276000,
        "othernonoperatingincomeexpense": 379000,
        "incomelossfromcontinuingoperationsbeforeincometaxesminorityinterestandincomelossfromequitymethodinvestments": -129739000,
        "incometaxexpensebenefit": -10339000,
        "profitloss": -119400000,
        "netincomelossattributabletononcontrollinginterest": -125000,
        "netincomeloss": -119275000,
        "preferredstockdividends": 5201000,
        "netincomelossavailabletocommonstockholdersbasic": -124476000,
        "othercomprehensiveincomeunrealizedholdinggainlossonsecuritiesarisingduringperiodnetoftax": 1239000,
        "othercomprehensiveincomeunrealizedgainlossonderivativesarisingduringperiodnetoftax": -48933000,
        "othercomprehensiveincomereclassificationadjustmentonderivativesincludedinnetincomenetoftax": -11196000,
        "othercomprehensiveincomeforeigncurrencytransactionandtranslationadjustmentnetoftaxperiodincreasedecrease": 5761000,
        "comprehensiveincomenetoftaxincludingportionattributabletononcontrollinginterest": -150137000,
        "othercomprehensiveincomelossnetoftaxportionattributabletononcontrollinginterest": 26000,
        "comprehensiveincomenetoftax": -150163000,
        "earningspersharebasic": -0.43,
        "earningspersharediluted": -0.43,
        "weightedaveragenumberofsharesoutstandingbasic": 288451000,
        "weightedaveragenumberofdilutedsharesoutstanding": 288451000,
        "othercomprehensiveincomederivativesqualifyingashedgestaxeffectperiodincreasedecrease": -12349000
    },
    {
        "date": "2009-09-29",
        "symbol": "CCI",
        "period": "Q3",
        "operatingleasesincomestatementleaserevenue": 396466000,
        "salesrevenueservicesnet": 32613000,
        "salesrevenuenet": 429079000,
        "directcostsofleasedandrentedpropertyorequipment": 114899000,
        "costofservices": 21613000,
        "sellinggeneralandadministrativeexpense": 39230000,
        "assetimpairmentcharges": 3073000,
        "depreciationamortizationandaccretionnet": 131463000,
        "costsandexpenses": 310278000,
        "operatingincomeloss": 118801000,
        "interestexpense": 111169000,
        "gainslossesonextinguishmentofdebt": -4848000,
        "gainlossonderivativeinstrumentsnetpretax": -58327000,
        "othernonoperatingincomeexpense": 2569000,
        "incomelossfromcontinuingoperationsbeforeincometaxesminorityinterestandincomelossfromequitymethodinvestments": -52974000,
        "incometaxexpensebenefit": -21836000,
        "profitloss": -31138000,
        "netincomelossattributabletononcontrollinginterest": 501000,
        "netincomeloss": -31639000,
        "preferredstockdividends": -5202000,
        "netincomelossavailabletocommonstockholdersbasic": -36841000,
        "othercomprehensiveincomeunrealizedholdinggainlossonsecuritiesarisingduringperiodnetoftax": 15285000,
        "othercomprehensiveincomeunrealizedgainlossonderivativesarisingduringperiodnetoftax": -89324000,
        "othercomprehensiveincomereclassificationadjustmentonderivativesincludedinnetincomenetoftax": 9802000,
        "othercomprehensiveincomeforeigncurrencytransactionandtranslationadjustmentnetoftaxperiodincreasedecrease": 14717000,
        "comprehensiveincomenetoftaxincludingportionattributabletononcontrollinginterest": -80658000,
        "othercomprehensiveincomelossnetoftaxportionattributabletononcontrollinginterest": 326000,
        "comprehensiveincomenetoftax": -80984000,
        "netincomelossattributabletocciccommonstockholdersafterdeductionofdividendsonpreferredstockpercommonsharebasicanddiluted": -0.13,
        "weightedaveragecommonsharesoutstandingbasicanddiluted": 286707000,
        "othercomprehensiveincomeunrealizedgainlossonderivativesarisingduringperiodtax": -19720000,
        "othercomprehensiveincomereclassificationadjustmentonderivativesincludedinnetincometax": 264000
    }
]