[
    {
        "date": "2024-09-29",
        "symbol": "TSLA",
        "period": "Q3",
        "revenuefromcontractwithcustomerexcludingassessedtax": 25182000000,
        "costofrevenue": 20185000000,
        "grossprofit": 725000000,
        "researchanddevelopmentexpense": 1039000000,
        "sellinggeneralandadministrativeexpense": 1186000000,
        "restructuringandotherexpenses": 55000000,
        "operatingexpenses": 2280000000,
        "operatingincomeloss": 2717000000,
        "investmentincomeinterest": 429000000,
        "interestexpensenonoperating": 92000000,
        "othernonoperatingincomeexpense": -270000000,
        "incomelossfromcontinuingoperationsbeforeincometaxesextraordinaryitemsnoncontrollinginterest": 2784000000,
        "incometaxexpensebenefit": 601000000,
        "profitloss": 2183000000,
        "netincomelossattributabletononcontrollinginterest": 16000000,
        "netincomeloss": 2167000000,
        "earningspersharebasic": 0.68,
        "earningspersharediluted": 0.62,
        "weightedaveragenumberofsharesoutstandingbasic": 3198000000,
        "weightedaveragenumberofdilutedsharesoutstanding": 3497000000,
        "othercomprehensiveincomelossforeigncurrencytransactionandtranslationadjustmentnetoftax": 445000000,
        "unrealizedgainlossoninvestments": 8000000,
        "comprehensiveincomenetoftaxincludingportionattributabletononcontrollinginterest": 2636000000,
        "comprehensiveincomenetoftaxattributabletononcontrollinginterest": 16000000,
        "comprehensiveincomenetoftax": 2620000000
    },
    {
        "date": "2024-06-29",
        "symbol": "TSLA",
        "period": "Q2",
        "revenuefromcontractwithcustomerexcludingassessedtax": 25500000000,
        "costofrevenue": 20922000000,
        "grossprofit": 740000000,
        "researchanddevelopmentexpense": 1074000000,
        "sellinggeneralandadministrativeexpense": 1277000000,
        "restructuringandotherexpenses": 622000000,
        "operatingexpenses": 2973000000,
        "operatingincomeloss": 1605000000,
        "investmentincomeinterest": 348000000,
        "interestexpense": 86000000,
        "othernonoperatingincomeexpense": 20000000,
        "incomelossfromcontinuingoperationsbeforeincometaxesextraordinaryitemsnoncontrollinginterest": 1887000000,
        "incometaxexpensebenefit": 393000000,
        "profitloss": 1494000000,
        "netincomelossattributabletononcontrollinginterest": 16000000,
        "netincomeloss": 1478000000,
        "earningspersharebasic": 0.46,
        "earningspersharediluted": 0.42,
        "weightedaveragenumberofsharesoutstandingbasic": 3191000000,
        "weightedaveragenumberofdilutedsharesoutstanding": 3481000000,
        "othercomprehensiveincomelossforeigncurrencytransactionandtranslationadjustmentnetoftax": -72000000,
        "unrealizedgainlossoninvestments": 4000000,
        "comprehensiveincomenetoftaxincludingportionattributabletononcontrollinginterest": 1426000000,
        "comprehensiveincomenetoftaxattributabletononcontrollinginterest": 16000000,
        "comprehensiveincomenetoftax": 1410000000
    },
    {
        "date": "2024-03-30",
        "symbol": "TSLA",
        "period": "Q1",
        "revenuefromcontractwithcustomerexcludingassessedtax": 21301000000,
        "costofrevenue": 17605000000,
        "grossprofit": 403000000,
        "researchanddevelopmentexpense": 1151000000,
        "sellinggeneralandadministrativeexpense": 1374000000,
        "operatingexpenses": 2525000000,
        "operatingincomeloss": 1171000000,
        "investmentincomeinterest": 350000000,
        "interestexpense": 76000000,
        "othernonoperatingincomeexpense": 108000000,
        "incomelossfromcontinuingoperationsbeforeincometaxesextraordinaryitemsnoncontrollinginterest": 1553000000,
        "incometaxexpensebenefit": 409000000,
        "profitloss": 1144000000,
        "netincomelossattributabletononcontrollinginterest": 15000000,
        "netincomeloss": 1129000000,
        "earningspersharebasic": 0.37,
        "earningspersharediluted": 0.34,
        "weightedaveragenumberofsharesoutstandingbasic": 3186000000,
        "weightedaveragenumberofdilutedsharesoutstanding": 3484000000,
        "othercomprehensiveincomelossforeigncurrencytransactionandtranslationadjustmentnetoftax": -252000000,
        "unrealizedgainlossoninvestments": -4000000,
        "comprehensiveincomenetoftaxincludingportionattributabletononcontrollinginterest": 888000000,
        "comprehensiveincomenetoftaxattributabletononcontrollinginterest": 15000000,
        "comprehensiveincomenetoftax": 873000000
    },
    {
        "date": "2023-12-30",
        "symbol": "TSLA",
        "period": "Q4",
        "revenuefromcontractwithcustomerexcludingassessedtax": 25167000000,
        "costofrevenue": 20729000000,
        "grossprofit": 314000000,
        "researchanddevelopmentexpense": 1094000000,
        "sellinggeneralandadministrativeexpense": 1280000000,
        "operatingexpenses": 2374000000,
        "operatingincomeloss": 2064000000,
        "investmentincomeinterest": 333000000,
        "interestexpense": 61000000,
        "othernonoperatingincomeexpense": -145000000,
        "incomelossfromcontinuingoperationsbeforeincometaxesextraordinaryitemsnoncontrollinginterest": 2191000000,
        "incometaxexpensebenefit": -5752000000,
        "profitloss": 7943000000,
        "netincomelossattributabletononcontrollinginterest": 15000000,
        "netincomeloss": 7928000000,
        "earningspersharebasic": 2.5,
        "earningspersharediluted": 2.27,
        "weightedaveragenumberofsharesoutstandingbasic": 3174000000,
        "weightedaveragenumberofdilutedsharesoutstanding": 3485000000,
        "othercomprehensiveincomelossforeigncurrencytransactionandtranslationadjustmentnetoftax": 541000000,
        "unrealizedgainlossoninvestments": 8000000,
        "comprehensiveincomenetoftaxincludingportionattributabletononcontrollinginterest": 8492000000,
        "comprehensiveincomenetoftaxattributabletononcontrollinginterest": 15000000,
        "comprehensiveincomenetoftax": 8477000000
    },
    {
        "date": "2023-09-29",
        "symbol": "TSLA",
        "period": "Q3",
        "revenuefromcontractwithcustomerexcludingassessedtax": 71340000000,
        "costofrevenue": 19172000000,
        "grossprofit": 381000000,
        "researchanddevelopmentexpense": 1161000000,
        "sellinggeneralandadministrativeexpense": 1253000000,
        "operatingexpenses": 2414000000,
        "operatingincomeloss": 1764000000,
        "investmentincomeinterest": 282000000,
        "interestexpense": 38000000,
        "othernonoperatingincomeexpense": 37000000,
        "incomelossfromcontinuingoperationsbeforeincometaxesextraordinaryitemsnoncontrollinginterest": 2045000000,
        "incometaxexpensebenefit": 167000000,
        "profitloss": 1878000000,
        "netincomelossattributabletononcontrollinginterest": 25000000,
        "netincomeloss": 1853000000,
        "earningspersharebasic": 0.5799999999999998,
        "earningspersharediluted": 0.5199999999999998,
        "weightedaveragenumberofsharesoutstandingbasic": 3171000000,
        "weightedaveragenumberofdilutedsharesoutstanding": 3481000000,
        "othercomprehensiveincomelossforeigncurrencytransactionandtranslationadjustmentnetoftax": -289000000,
        "unrealizedgainlossoninvestments": 7000000,
        "comprehensiveincomenetoftaxincludingportionattributabletononcontrollinginterest": 1596000000,
        "comprehensiveincomenetoftaxattributabletononcontrollinginterest": 25000000,
        "comprehensiveincomenetoftax": 1571000000
    },
    {
        "date": "2023-06-29",
        "symbol": "TSLA",
        "period": "Q2",
        "automotivesalesrevenue": 20419000000,
        "automotiveregulatorycredits": 282000000,
        "automotiveleasing": 567000000,
        "automotiverevenues": 21268000000,
        "revenuefromcontractwithcustomerexcludingassessedtax": 150000000,
        "revenues": 24927000000,
        "automotivesales": 16841000000,
        "directcostsofleasedandrentedpropertyorequipment": 338000000,
        "automotivecostofrevenues": 17179000000,
        "costofgoodsandservicessold": 1984000000,
        "costofrevenue": 20394000000,
        "grossprofit": 278000000,
        "researchanddevelopmentexpense": 943000000,
        "sellinggeneralandadministrativeexpense": 1191000000,
        "operatingexpenses": 2134000000,
        "operatingincomeloss": 2399000000,
        "investmentincomeinterest": 238000000,
        "interestexpense": 28000000,
        "othernonoperatingincomeexpense": 328000000,
        "incomelossfromcontinuingoperationsbeforeincometaxesextraordinaryitemsnoncontrollinginterest": 2937000000,
        "incometaxexpensebenefit": 323000000,
        "profitloss": 2614000000,
        "netincomelossattributabletononcontrollinginterest": -89000000,
        "netincomeloss": 2703000000,
        "earningspersharebasic": 0.85,
        "earningspersharediluted": 0.78,
        "weightedaveragenumberofsharesoutstandingbasic": 3171000000,
        "weightedaveragenumberofdilutedsharesoutstanding": 3478000000,
        "stockholdersequitynotestocksplit": "three-for-one stock split effected in the form of a stock dividend in August 2022",
        "stockholdersequitynotestocksplitconversionratio1": 3,
        "othercomprehensiveincomelossforeigncurrencytransactionandtranslationadjustmentnetoftax": -184000000,
        "unrealizedgainlossoninvestments": -5000000,
        "adjustmentfornetlossrealizedandincludedinnetincome": 4000000,
        "comprehensiveincomenetoftaxincludingportionattributabletononcontrollinginterest": 2429000000,
        "comprehensiveincomenetoftaxattributabletononcontrollinginterest": -89000000,
        "comprehensiveincomenetoftax": 2518000000
    },
    {
        "date": "2023-03-30",
        "symbol": "TSLA",
        "period": "Q1",
        "automotivesalesrevenue": 18878000000,
        "automotiveregulatorycredits": 521000000,
        "automotiveleasing": 564000000,
        "automotiverevenues": 19963000000,
        "revenuefromcontractwithcustomerexcludingassessedtax": 116000000,
        "revenues": 23329000000,
        "automotivesales": 15422000000,
        "directcostsofleasedandrentedpropertyorequipment": 333000000,
        "automotivecostofrevenues": 15755000000,
        "costofgoodsandservicessold": 1702000000,
        "costofrevenue": 18818000000,
        "grossprofit": 168000000,
        "researchanddevelopmentexpense": 771000000,
        "sellinggeneralandadministrativeexpense": 1076000000,
        "operatingexpenses": 1847000000,
        "operatingincomeloss": 2664000000,
        "investmentincomeinterest": 213000000,
        "interestexpense": 29000000,
        "othernonoperatingincomeexpense": -48000000,
        "incomelossfromcontinuingoperationsbeforeincometaxesextraordinaryitemsnoncontrollinginterest": 2800000000,
        "incometaxexpensebenefit": 261000000,
        "profitloss": 2539000000,
        "netincomelossattributabletononcontrollinginterest": 26000000,
        "netincomeloss": 2513000000,
        "earningspersharebasic": 0.8,
        "earningspersharediluted": 0.73,
        "weightedaveragenumberofsharesoutstandingbasic": 3166000000,
        "weightedaveragenumberofdilutedsharesoutstanding": 3468000000,
        "stockholdersequitynotestocksplit": "three-for-one stock split effected in the form of a stock dividend in August 2022",
        "stockholdersequitynotestocksplitconversionratio1": 3,
        "othercomprehensiveincomelossforeigncurrencytransactionandtranslationadjustmentnetoftax": 130000000,
        "unrealizedgainlossoninvestments": 6000000,
        "comprehensiveincomenetoftaxincludingportionattributabletononcontrollinginterest": 2675000000,
        "comprehensiveincomenetoftaxattributabletononcontrollinginterest": 26000000,
        "comprehensiveincomenetoftax": 2649000000
    },
    {
        "date": "2022-12-30",
        "symbol": "TSLA",
        "period": "Q4",
        "automotivesalesrevenue": 20241000000,
        "automotiveregulatorycredits": 467000000,
        "automotiveleasing": 599000000,
        "automotiverevenues": 21307000000,
        "revenuefromcontractwithcustomerexcludingassessedtax": -6000000,
        "revenues": 24318000000,
        "automotivesales": 15433000000,
        "directcostsofleasedandrentedpropertyorequipment": 352000000,
        "automotivecostofrevenues": 48638000000,
        "costofgoodsandservicessold": 1605000000,
        "costofrevenue": 18541000000,
        "grossprofit": 159000000,
        "researchanddevelopmentexpense": 810000000,
        "sellinggeneralandadministrativeexpense": 1032000000,
        "operatingexpenses": 1876000000,
        "operatingincomeloss": 3901000000,
        "investmentincomeinterest": 157000000,
        "interestexpense": 33000000,
        "othernonoperatingincomeexpense": -42000000,
        "incomelossfromcontinuingoperationsbeforeincometaxesextraordinaryitemsnoncontrollinginterest": 3983000000,
        "incometaxexpensebenefit": 276000000,
        "profitloss": 3707000000,
        "netincomelossattributabletononcontrollinginterest": 20000000,
        "netincomeloss": 3687000000,
        "earningspersharebasic": 1.1800000000000006,
        "earningspersharediluted": 1.0699999999999998,
        "weightedaveragenumberofsharesoutstandingbasic": 3130000000,
        "weightedaveragenumberofdilutedsharesoutstanding": 3475000000,
        "stockholdersequitynotestocksplit": "three-for-one stock split effected in the form of a stock dividend in August 2022",
        "othercomprehensiveincomelossforeigncurrencytransactionandtranslationadjustmentnetoftax": 585000000,
        "comprehensiveincomenetoftaxincludingportionattributabletononcontrollinginterest": 4288000000,
        "comprehensiveincomenetoftaxattributabletononcontrollinginterest": 20000000,
        "comprehensiveincomenetoftax": 4268000000
    },
    {
        "date": "2022-09-29",
        "symbol": "TSLA",
        "period": "Q3",
        "automotivesalesrevenue": 17785000000,
        "automotiveregulatorycredits": 286000000,
        "automotiveleasing": 621000000,
        "automotiverevenues": 18692000000,
        "revenuefromcontractwithcustomerexcludingassessedtax": 151000000,
        "revenues": 21454000000,
        "automotivesales": 13099000000,
        "directcostsofleasedandrentedpropertyorequipment": 381000000,
        "automotivecostofrevenues": -19373000000,
        "costofgoodsandservicessold": 1579000000,
        "costofrevenue": 16072000000,
        "grossprofit": 104000000,
        "researchanddevelopmentexpense": 733000000,
        "sellinggeneralandadministrativeexpense": 961000000,
        "operatingexpenses": 1694000000,
        "operatingincomeloss": 3688000000,
        "investmentincomeinterest": 86000000,
        "interestexpense": 53000000,
        "othernonoperatingincomeexpense": -85000000,
        "incomelossfromcontinuingoperationsbeforeincometaxesextraordinaryitemsnoncontrollinginterest": 3636000000,
        "incometaxexpensebenefit": 305000000,
        "profitloss": 3331000000,
        "netincomelossattributabletononcontrollinginterest": 39000000,
        "netincomeloss": 3292000000,
        "earningspersharebasic": -2.5400000000000005,
        "earningspersharediluted": -2.26,
        "weightedaveragenumberofsharesoutstandingbasic": 3120000000,
        "weightedaveragenumberofdilutedsharesoutstanding": 3474000000,
        "stockholdersequitynotestocksplit": "three-for-one stock split effected in the form of a stock dividend in August 2022",
        "othercomprehensiveincomelossforeigncurrencytransactionandtranslationadjustmentnetoftax": -460000000,
        "marketablesecuritiesunrealizedgainloss": -5000000,
        "comprehensiveincomenetoftaxincludingportionattributabletononcontrollinginterest": 2866000000,
        "comprehensiveincomenetoftaxattributabletononcontrollinginterest": 39000000,
        "comprehensiveincomenetoftax": 2827000000
    },
    {
        "date": "2022-06-29",
        "symbol": "TSLA",
        "period": "Q2",
        "automotivesalesrevenue": 13670000000,
        "automotiveregulatorycredits": 344000000,
        "automotiveleasing": 588000000,
        "automotiverevenues": 14602000000,
        "revenuefromcontractwithcustomerexcludingassessedtax": 149000000,
        "revenues": 16934000000,
        "automotivesales": 10153000000,
        "directcostsofleasedandrentedpropertyorequipment": 368000000,
        "automotivecostofrevenues": 10521000000,
        "costofgoodsandservicessold": 1410000000,
        "costofrevenue": 12700000000,
        "grossprofit": 97000000,
        "researchanddevelopmentexpense": 667000000,
        "sellinggeneralandadministrativeexpense": 961000000,
        "restructuringandotherexpenses": 142000000,
        "operatingexpenses": 1770000000,
        "operatingincomeloss": 2464000000,
        "investmentincomeinterest": 26000000,
        "interestexpense": 44000000,
        "othernonoperatingincomeexpense": 28000000,
        "incomelossfromcontinuingoperationsbeforeincometaxesextraordinaryitemsnoncontrollinginterest": 2474000000,
        "incometaxexpensebenefit": 205000000,
        "profitloss": 2269000000,
        "netincomelossattributabletononcontrollinginterest": 10000000,
        "netincomeloss": 2259000000,
        "earningspersharebasic": 2.18,
        "earningspersharediluted": 1.95,
        "weightedaveragenumberofsharesoutstandingbasic": 1037000000,
        "weightedaveragenumberofdilutedsharesoutstanding": 1155000000,
        "othercomprehensiveincomelossforeigncurrencytransactionandtranslationadjustmentnetoftax": -421000000,
        "marketablesecuritiesunrealizedgainloss": -6000000,
        "comprehensiveincomenetoftaxincludingportionattributabletononcontrollinginterest": 1842000000,
        "comprehensiveincomenetoftaxattributabletononcontrollinginterest": 10000000,
        "comprehensiveincomenetoftax": 1832000000
    },
    {
        "date": "2022-03-30",
        "symbol": "TSLA",
        "period": "Q1",
        "automotivesalesrevenue": 15514000000,
        "automotiveregulatorycredits": 679000000,
        "automotiveleasing": 668000000,
        "automotiverevenues": 16861000000,
        "revenuefromcontractwithcustomerexcludingassessedtax": 113000000,
        "revenues": 18756000000,
        "automotivesales": 10914000000,
        "directcostsofleasedandrentedpropertyorequipment": 408000000,
        "automotivecostofrevenues": 11322000000,
        "costofgoodsandservicessold": 1286000000,
        "costofrevenue": 13296000000,
        "grossprofit": -72000000,
        "researchanddevelopmentexpense": 865000000,
        "sellinggeneralandadministrativeexpense": 992000000,
        "operatingexpenses": 1857000000,
        "operatingincomeloss": 3603000000,
        "investmentincomeinterest": 28000000,
        "interestexpense": 61000000,
        "othernonoperatingincomeexpense": 56000000,
        "incomelossfromcontinuingoperationsbeforeincometaxesextraordinaryitemsnoncontrollinginterest": 3626000000,
        "incometaxexpensebenefit": 346000000,
        "profitloss": 3280000000,
        "netincomelossattributabletononcontrollinginterest": -38000000,
        "netincomeloss": 3318000000,
        "earningspersharebasic": 3.2,
        "earningspersharediluted": 2.86,
        "weightedaveragenumberofsharesoutstandingbasic": 1034000000,
        "weightedaveragenumberofdilutedsharesoutstanding": 1157000000,
        "othercomprehensiveincomelossforeigncurrencytransactionandtranslationadjustmentnetoftax": -96000000,
        "marketablesecuritiesunrealizedgainloss": -8000000,
        "comprehensiveincomenetoftaxincludingportionattributabletononcontrollinginterest": 3176000000,
        "comprehensiveincomenetoftaxattributabletononcontrollinginterest": -38000000,
        "comprehensiveincomenetoftax": 3214000000
    },
    {
        "date": "2021-12-30",
        "symbol": "TSLA",
        "period": "Q4",
        "revenuefromcontractwithcustomerexcludingassessedtax": -34295000000,
        "revenues": 17719000000,
        "costofgoodsandservicessold": -17820000000,
        "directcostsofleasedandrentedpropertyorequipment": 396000000,
        "costofrevenue": 12872000000,
        "grossprofit": -51000000,
        "researchanddevelopmentexpense": 740000000,
        "sellinggeneralandadministrativeexpense": 1494000000,
        "restructuringandotherexpenses": -54000000,
        "operatingexpenses": 2234000000,
        "operatingincomeloss": 2613000000,
        "investmentincomeinterest": 25000000,
        "interestexpense": 71000000,
        "othernonoperatingincomeexpense": 68000000,
        "incomelossfromcontinuingoperationsbeforeincometaxesextraordinaryitemsnoncontrollinginterest": 2635000000,
        "incometaxexpensebenefit": 292000000,
        "profitloss": 2343000000,
        "netincomelossattributabletononcontrollinginterest": 22000000,
        "netincomeloss": 2321000000,
        "earningspersharebasic": 2.34,
        "weightedaveragenumberofsharesoutstandingbasic": 986000000,
        "weightedaveragenumberofdilutedsharesoutstanding": 1129000000,
        "othercomprehensiveincomelossforeigncurrencytransactionandtranslationadjustmentnetoftax": -65000000,
        "comprehensiveincomenetoftaxincludingportionattributabletononcontrollinginterest": 2277000000,
        "comprehensiveincomenetoftaxattributabletononcontrollinginterest": 22000000,
        "comprehensiveincomenetoftax": 2255000000
    },
    {
        "date": "2021-09-29",
        "symbol": "TSLA",
        "period": "Q3",
        "revenuefromcontractwithcustomerexcludingassessedtax": 13228000000,
        "operatingleasesincomestatementleaserevenue": 144000000,
        "revenues": 13757000000,
        "costofgoodsandservicessold": 8150000000,
        "directcostsofleasedandrentedpropertyorequipment": 234000000,
        "costofrevenue": 10097000000,
        "grossprofit": 3000000,
        "researchanddevelopmentexpense": 611000000,
        "sellinggeneralandadministrativeexpense": 994000000,
        "restructuringandotherexpenses": -51000000,
        "operatingexpenses": 1656000000,
        "operatingincomeloss": 2004000000,
        "investmentincomeinterest": 10000000,
        "interestexpense": 126000000,
        "othernonoperatingincomeexpense": -6000000,
        "incomelossfromcontinuingoperationsbeforeincometaxesextraordinaryitemsnoncontrollinginterest": 1882000000,
        "incometaxexpensebenefit": 223000000,
        "profitloss": 1659000000,
        "netincomelossattributabletononcontrollinginterest": 41000000,
        "netincomeloss": 1618000000,
        "netincomelossavailabletocommonstockholdersbasic": 1618000000,
        "earningspersharebasic": 1.62,
        "earningspersharediluted": 1.44,
        "weightedaveragenumberofsharesoutstandingbasic": 998000000,
        "weightedaveragenumberofdilutedsharesoutstanding": 1123000000,
        "othercomprehensiveincomelossforeigncurrencytransactionandtranslationadjustmentnetoftax": -86000000,
        "comprehensiveincomenetoftaxincludingportionattributabletononcontrollinginterest": 1573000000,
        "comprehensiveincomenetoftaxattributabletononcontrollinginterest": 41000000,
        "comprehensiveincomenetoftax": 1532000000
    },
    {
        "date": "2021-06-29",
        "symbol": "TSLA",
        "period": "Q2",
        "revenuefromcontractwithcustomerexcludingassessedtax": 20566000000,
        "operatingleasesincomestatementleaserevenue": -38000000,
        "revenues": 11958000000,
        "costofgoodsandservicessold": 7119000000,
        "directcostsofleasedandrentedpropertyorequipment": 188000000,
        "costofrevenue": 9074000000,
        "grossprofit": 20000000,
        "researchanddevelopmentexpense": 576000000,
        "sellinggeneralandadministrativeexpense": 973000000,
        "restructuringandotherexpenses": -23000000,
        "operatingexpenses": 1572000000,
        "operatingincomeloss": 1312000000,
        "investmentincomeinterest": 11000000,
        "interestexpense": 75000000,
        "othernonoperatingincomeexpense": 45000000,
        "incomelossfromcontinuingoperationsbeforeincometaxesextraordinaryitemsnoncontrollinginterest": 1293000000,
        "incometaxexpensebenefit": 115000000,
        "profitloss": 1178000000,
        "netincomelossattributabletononcontrollinginterest": 36000000,
        "netincomeloss": 1142000000,
        "earningspersharebasic": 1.18,
        "earningspersharediluted": 0,
        "weightedaveragenumberofsharesoutstandingbasic": 966000000,
        "weightedaveragenumberofdilutedsharesoutstanding": 1126000000,
        "stockholdersequitynotestocksplit": "five-for-one stock split effected in the form of a stock dividend in August 2020",
        "stockholdersequitynotestocksplitconversionratio1": 0,
        "othercomprehensiveincomelossforeigncurrencytransactionandtranslationadjustmentnetoftax": 63000000,
        "comprehensiveincomenetoftaxincludingportionattributabletononcontrollinginterest": 1241000000,
        "comprehensiveincomenetoftaxattributabletononcontrollinginterest": 36000000,
        "comprehensiveincomenetoftax": 1205000000
    },
    {
        "date": "2021-03-30",
        "symbol": "TSLA",
        "period": "Q1",
        "revenuefromcontractwithcustomerexcludingassessedtax": 893000000,
        "operatingleasesincomestatementleaserevenue": 297000000,
        "revenues": 10389000000,
        "costofgoodsandservicessold": 6457000000,
        "directcostsofleasedandrentedpropertyorequipment": 160000000,
        "costofrevenue": 8174000000,
        "grossprofit": -101000000,
        "researchanddevelopmentexpense": 666000000,
        "sellinggeneralandadministrativeexpense": 1056000000,
        "restructuringandotherexpenses": 101000000,
        "operatingexpenses": 1621000000,
        "operatingincomeloss": 594000000,
        "investmentincomeinterest": 10000000,
        "interestexpense": 99000000,
        "othernonoperatingincomeexpense": 28000000,
        "incomelossfromcontinuingoperationsbeforeincometaxesextraordinaryitemsnoncontrollinginterest": 533000000,
        "incometaxexpensebenefit": 69000000,
        "profitloss": 464000000,
        "netincomelossattributabletononcontrollinginterest": 26000000,
        "netincomeloss": 438000000,
        "earningspersharebasic": 0.46,
        "earningspersharediluted": 0.01,
        "weightedaveragenumberofsharesoutstandingbasic": 961000000,
        "weightedaveragenumberofdilutedsharesoutstanding": 1133000000,
        "stockholdersequitynotestocksplit": "five-for-one stock split effected in the form of a stock dividend in August 2020",
        "stockholdersequitynotestocksplitconversionratio1": 5,
        "othercomprehensiveincomelossforeigncurrencytransactionandtranslationadjustmentnetoftax": -220000000,
        "comprehensiveincomenetoftaxincludingportionattributabletononcontrollinginterest": 244000000,
        "comprehensiveincomenetoftaxattributabletononcontrollinginterest": 26000000,
        "comprehensiveincomenetoftax": 218000000
    },
    {
        "date": "2020-12-30",
        "symbol": "TSLA",
        "period": "Q4",
        "revenuefromcontractwithcustomerexcludingassessedtax": 1508000000,
        "operatingleasesincomestatementleaserevenue": 7000000,
        "salesrevenueautomotive": 9314000000,
        "salesrevenueservicesandothernet": 678000000,
        "revenues": 10744000000,
        "costofgoodsandservicessold": -839000000,
        "costofautomotiveleasing": 148000000,
        "costofrevenuesautomotive": 7070000000,
        "costofservicesandother": 821000000,
        "costofrevenue": 8678000000,
        "grossprofit": -35000000,
        "researchanddevelopmentexpense": 522000000,
        "sellinggeneralandadministrativeexpense": 969000000,
        "operatingexpenses": 1491000000,
        "operatingincomeloss": 575000000,
        "investmentincomeinterest": 6000000,
        "interestexpense": 246000000,
        "othernonoperatingincomeexpense": 44000000,
        "incomelossfromcontinuingoperationsbeforeincometaxesextraordinaryitemsnoncontrollinginterest": 379000000,
        "incometaxexpensebenefit": 83000000,
        "profitloss": 296000000,
        "netincomelossattributabletononcontrollinginterest": 26000000,
        "netincomeloss": 270000000,
        "earningspersharebasic": 0.29000000000000004,
        "earningspersharediluted": 0.24000000000000005,
        "weightedaveragenumberofsharesoutstandingbasic": 933000000,
        "weightedaveragenumberofdilutedsharesoutstanding": 1083000000,
        "stockholdersequitynotestocksplit": "five-for-one stock split effected in the form of a stock dividend in August 2020",
        "othercomprehensiveincomelossforeigncurrencytransactionandtranslationadjustmentnetoftax": 238000000,
        "comprehensiveincomenetoftaxincludingportionattributabletononcontrollinginterest": 534000000,
        "comprehensiveincomenetoftaxattributabletononcontrollinginterest": 26000000,
        "comprehensiveincomenetoftax": 508000000
    },
    {
        "date": "2020-09-29",
        "symbol": "TSLA",
        "period": "Q3",
        "revenuefromcontractwithcustomerexcludingassessedtax": -489000000,
        "operatingleasesincomestatementleaserevenue": 18000000,
        "salesrevenueautomotive": 7611000000,
        "salesrevenueservicesandothernet": 581000000,
        "revenues": 8771000000,
        "costofgoodsandservicessold": 558000000,
        "costofautomotiveleasing": 145000000,
        "costofrevenuesautomotive": 5506000000,
        "costofservicesandother": 644000000,
        "costofrevenue": 6708000000,
        "grossprofit": 21000000,
        "researchanddevelopmentexpense": 366000000,
        "sellinggeneralandadministrativeexpense": 888000000,
        "operatingexpenses": 1254000000,
        "operatingincomeloss": 809000000,
        "investmentincomeinterest": 6000000,
        "interestexpense": 163000000,
        "othernonoperatingincomeexpense": -97000000,
        "incomelossfromcontinuingoperationsbeforeincometaxesextraordinaryitemsnoncontrollinginterest": 555000000,
        "incometaxexpensebenefit": 186000000,
        "profitloss": 369000000,
        "netincomelossattributabletononcontrollinginterest": 38000000,
        "netincomeloss": 331000000,
        "earningspersharebasic": -0.20000000000000004,
        "earningspersharediluted": -0.18,
        "weightedaveragenumberofsharesoutstandingbasic": 927000000,
        "weightedaveragenumberofdilutedsharesoutstanding": 1059000000,
        "stockholdersequitynotestocksplit": "five-for-one stock split effected in the form of a stock dividend in August 2020",
        "othercomprehensiveincomelossforeigncurrencytransactionandtranslationadjustmentnetoftax": 165000000,
        "comprehensiveincomenetoftaxincludingportionattributabletononcontrollinginterest": 534000000,
        "comprehensiveincomenetoftaxattributabletononcontrollinginterest": 38000000,
        "comprehensiveincomenetoftax": 496000000
    },
    {
        "date": "2020-06-29",
        "symbol": "TSLA",
        "period": "Q2",
        "revenuefromcontractwithcustomerexcludingassessedtax": 60000000,
        "operatingleasesincomestatementleaserevenue": 19000000,
        "salesrevenueautomotive": 5179000000,
        "salesrevenueservicesandothernet": 487000000,
        "revenues": 6036000000,
        "costofgoodsandservicessold": 349000000,
        "costofautomotiveleasing": 148000000,
        "costofrevenuesautomotive": 3862000000,
        "costofservicesandother": 558000000,
        "costofrevenue": 4769000000,
        "grossprofit": 21000000,
        "researchanddevelopmentexpense": 279000000,
        "sellinggeneralandadministrativeexpense": 661000000,
        "operatingexpenses": 940000000,
        "operatingincomeloss": 327000000,
        "investmentincomeinterest": 8000000,
        "interestexpense": 170000000,
        "othernonoperatingincomeexpense": -15000000,
        "incomelossfromcontinuingoperationsbeforeincometaxesextraordinaryitemsnoncontrollinginterest": 150000000,
        "incometaxexpensebenefit": 21000000,
        "profitloss": 129000000,
        "netincomelossattributabletononcontrollinginterest": 25000000,
        "netincomeloss": 104000000,
        "earningspersharebasic": 0.56,
        "earningspersharediluted": 0.5,
        "weightedaveragenumberofsharesoutstandingbasic": 186000000,
        "weightedaveragenumberofdilutedsharesoutstanding": 207000000,
        "othercomprehensiveincomelossforeigncurrencytransactionandtranslationadjustmentnetoftax": 73000000,
        "comprehensiveincomenetoftaxincludingportionattributabletononcontrollinginterest": 202000000,
        "comprehensiveincomenetoftaxattributabletononcontrollinginterest": 25000000,
        "comprehensiveincomenetoftax": 177000000
    },
    {
        "date": "2020-03-30",
        "symbol": "TSLA",
        "period": "Q1",
        "revenuefromcontractwithcustomerexcludingassessedtax": 501000000,
        "operatingleasesincomestatementleaserevenue": 33000000,
        "salesrevenueautomotive": 5132000000,
        "salesrevenueservicesandothernet": 560000000,
        "revenues": 5985000000,
        "costofgoodsandservicessold": 282000000,
        "costofautomotiveleasing": 122000000,
        "costofrevenuesautomotive": 3821000000,
        "costofservicesandother": 648000000,
        "costofrevenue": 4751000000,
        "grossprofit": 11000000,
        "researchanddevelopmentexpense": 324000000,
        "sellinggeneralandadministrativeexpense": 627000000,
        "operatingexpenses": 951000000,
        "operatingincomeloss": 283000000,
        "investmentincomeinterest": 10000000,
        "interestexpense": 169000000,
        "othernonoperatingincomeexpense": -54000000,
        "incomelossfromcontinuingoperationsbeforeincometaxesextraordinaryitemsnoncontrollinginterest": 70000000,
        "incometaxexpensebenefit": 2000000,
        "profitloss": 68000000,
        "netincomelossattributabletononcontrollinginterest": 52000000,
        "netincomeloss": 16000000,
        "earningspersharebasic": 0.09,
        "earningspersharediluted": 0.08,
        "weightedaveragenumberofsharesoutstandingbasic": 183000000,
        "weightedaveragenumberofdilutedsharesoutstanding": 199000000,
        "othercomprehensiveincomelossforeigncurrencytransactionandtranslationadjustmentnetoftax": -77000000,
        "comprehensiveincomenetoftaxincludingportionattributabletononcontrollinginterest": -9000000,
        "comprehensiveincomenetoftaxattributabletononcontrollinginterest": 52000000,
        "comprehensiveincomenetoftax": -61000000
    },
    {
        "date": "2019-12-30",
        "symbol": "TSLA",
        "period": "Q4",
        "revenuefromcontractwithcustomerexcludingassessedtax": 7043000000,
        "operatingleasesincomestatementleaserevenue": 116000000,
        "salesrevenueautomotive": 6368000000,
        "salesrevenueservicesandothernet": 580000000,
        "revenues": 7384000000,
        "costofgoodsandservicessold": -606000000,
        "costofautomotiveleasing": 119000000,
        "costofrevenuesautomotive": 4934000000,
        "costofservicesandother": 674000000,
        "costofrevenue": 5993000000,
        "grossprofit": 51000000,
        "researchanddevelopmentexpense": 345000000,
        "sellinggeneralandadministrativeexpense": 699000000,
        "restructuringandotherexpenses": -12000000,
        "operatingexpenses": 1032000000,
        "operatingincomeloss": 359000000,
        "investmentincomeinterest": 10000000,
        "interestexpense": 170000000,
        "othernonoperatingincomeexpense": -25000000,
        "incomelossfromcontinuingoperationsbeforeincometaxesextraordinaryitemsnoncontrollinginterest": 174000000,
        "incometaxexpensebenefit": 42000000,
        "profitloss": 132000000,
        "netincomelossattributabletononcontrollinginterest": 27000000,
        "netincomeloss": 105000000,
        "earningspersharebasic": 0.6200000000000006,
        "earningspersharediluted": 0.6200000000000006,
        "weightedaveragenumberofsharesoutstandingbasic": 177000000,
        "weightedaveragenumberofdilutedsharesoutstanding": 177000000,
        "othercomprehensiveincomelossforeigncurrencytransactionandtranslationadjustmentnetoftax": 84000000,
        "comprehensiveincomenetoftax": 189000000
    },
    {
        "date": "2019-09-29",
        "symbol": "TSLA",
        "period": "Q3",
        "revenuefromcontractwithcustomerexcludingassessedtax": 6627388000,
        "operatingleasesincomestatementleaserevenue": 57437000,
        "salesrevenueautomotive": 5352750000,
        "salesrevenueservicesandothernet": 547979000,
        "revenues": 6302860000,
        "costofgoodsandservicessold": -2225732000,
        "costofautomotiveleasing": 116586000,
        "costofrevenuesautomotive": 4130614000,
        "costofservicesandother": 667445000,
        "costofrevenue": 5111649000,
        "grossprofit": -469428000,
        "researchanddevelopmentexpense": 333928000,
        "sellinggeneralandadministrativeexpense": 595810000,
        "restructuringandotherexpenses": 184000,
        "operatingexpenses": 929922000,
        "operatingincomeloss": 261289000,
        "investmentincomeinterest": 14876000,
        "interestexpense": 185568000,
        "othernonoperatingincomeexpense": 85006000,
        "incomelossfromcontinuingoperationsbeforeincometaxesextraordinaryitemsnoncontrollinginterest": 175603000,
        "incometaxexpensebenefit": 25696000,
        "profitloss": 149907000,
        "netincomelossattributabletononcontrollinginterest": 6438000,
        "netincomeloss": 143469000,
        "earningspersharebasic": 0.8699999999999997,
        "earningspersharediluted": 0.8699999999999997,
        "weightedaveragenumberofsharesoutstandingbasic": 176000000,
        "weightedaveragenumberofdilutedsharesoutstanding": 176000000,
        "othercomprehensiveincomelossforeigncurrencytransactionandtranslationadjustmentnetoftax": -114613000,
        "comprehensiveincomenetoftax": 28856000
    },
    {
        "date": "2019-06-29",
        "symbol": "TSLA",
        "period": "Q2",
        "revenuefromcontractwithcustomerexcludingassessedtax": 5998871000,
        "operatingleasesincomestatementleaserevenue": 142443000,
        "salesrevenueautomotive": 5376389000,
        "salesrevenueservicesandothernet": 605079000,
        "revenues": 6349676000,
        "costofgoodsandservicessold": 325523000,
        "costofautomotiveleasing": 106322000,
        "costofrevenuesautomotive": 4360085000,
        "costofservicesandother": 743022000,
        "costofrevenue": 5428630000,
        "grossprofit": 42685000,
        "researchanddevelopmentexpense": 323898000,
        "sellinggeneralandadministrativeexpense": 647261000,
        "restructuringandotherexpenses": 117345000,
        "operatingexpenses": 1088504000,
        "operatingincomeloss": -167458000,
        "investmentincomeinterest": 10362000,
        "interestexpense": 171979000,
        "othernonoperatingincomeexpense": -40756000,
        "incomelossfromcontinuingoperationsbeforeincometaxesextraordinaryitemsnoncontrollinginterest": -369831000,
        "incometaxexpensebenefit": 19431000,
        "profitloss": -389262000,
        "netincomelossattributabletononcontrollinginterest": 19072000,
        "netincomeloss": -408334000,
        "earningspersharebasic": -2.31,
        "earningspersharediluted": -2.31,
        "weightedaveragenumberofsharesoutstandingbasic": 176654000,
        "weightedaveragenumberofdilutedsharesoutstanding": 176654000,
        "othercomprehensiveincomelossforeigncurrencytransactionandtranslationadjustmentnetoftax": 29414000,
        "comprehensiveincomenetoftaxincludingportionattributabletononcontrollinginterest": -359848000,
        "comprehensiveincomenetoftaxattributabletononcontrollinginterest": 19072000,
        "comprehensiveincomenetoftax": -378920000
    },
    {
        "date": "2019-03-30",
        "symbol": "TSLA",
        "period": "Q1",
        "revenuefromcontractwithcustomerexcludingassessedtax": 3508741000,
        "operatingleasesincomestatementleaserevenue": 215120000,
        "salesrevenueautomotive": 3723861000,
        "salesrevenueservicesandothernet": 492942000,
        "revenues": 4541464000,
        "costofgoodsandservicessold": 2856209000,
        "costofautomotiveleasing": 117092000,
        "costofrevenuesautomotive": 2973301000,
        "costofservicesandother": 685533000,
        "costofrevenue": 3975721000,
        "grossprofit": 565743000,
        "researchanddevelopmentexpense": 340174000,
        "sellinggeneralandadministrativeexpense": 703929000,
        "restructuringandotherexpenses": 43471000,
        "operatingexpenses": 1087574000,
        "operatingincomeloss": -521831000,
        "investmentincomeinterest": 8762000,
        "interestexpense": 157453000,
        "othernonoperatingincomeexpense": 25750000,
        "incomelossfromcontinuingoperationsbeforeincometaxesextraordinaryitemsnoncontrollinginterest": -644772000,
        "incometaxexpensebenefit": 22873000,
        "profitloss": -667645000,
        "netincomelossattributabletononcontrollinginterest": 34490000,
        "netincomeloss": -702135000,
        "earningspersharebasic": -4.1,
        "earningspersharediluted": -4.1,
        "weightedaveragenumberofsharesoutstandingbasic": 172989000,
        "weightedaveragenumberofdilutedsharesoutstanding": 172989000,
        "othercomprehensiveincomelossforeigncurrencytransactionandtranslationadjustmentnetoftax": -26801000,
        "comprehensiveincomenetoftax": -728936000
    },
    {
        "date": "2018-12-30",
        "symbol": "TSLA",
        "period": "Q4",
        "operatingleasesincomestatementleaserevenue": 249748000,
        "salesrevenueautomotive": 6323219000,
        "salesrevenueservicesandothernet": 531157000,
        "revenues": 7225873000,
        "costofautomotiveleasing": 127731000,
        "costofrevenuesautomotive": 4786248000,
        "costofservicesandother": 668019000,
        "costofrevenue": 5782973000,
        "grossprofit": 1442900000,
        "researchanddevelopmentexpense": 356297000,
        "sellinggeneralandadministrativeexpense": 667452000,
        "operatingexpenses": 1029364000,
        "operatingincomeloss": 413536000,
        "investmentincomeinterest": 7348000,
        "interestexpense": 174723000,
        "othernonoperatingincomeexpense": -14205000,
        "incomelossfromcontinuingoperationsbeforeincometaxesextraordinaryitemsnoncontrollinginterest": 231956000,
        "incometaxexpensebenefit": 21878000,
        "profitloss": 210078000,
        "netincomelossattributabletononcontrollinginterest": 70595000,
        "netincomeloss": 139483000,
        "earningspersharebasic": 0.8700000000000001,
        "earningspersharediluted": 0.9400000000000004,
        "weightedaveragenumberofsharesoutstandingbasic": 170525000,
        "weightedaveragenumberofdilutedsharesoutstanding": 170525000,
        "othercomprehensiveincomelossforeigncurrencytransactionandtranslationadjustmentnetoftax": -16489000,
        "othercomprehensiveincomelossnetoftaxportionattributabletoparent": -16489000,
        "comprehensiveincomenetoftax": 122994000
    },
    {
        "date": "2018-09-29",
        "symbol": "TSLA",
        "period": "Q3",
        "revenuefromcontractwithcustomerexcludingassessedtax": 5878305000,
        "operatingleasesincomestatementleaserevenue": 220461000,
        "salesrevenueautomotive": 6098766000,
        "salesrevenueservicesandothernet": 326330000,
        "revenues": 6824413000,
        "costofgoodsandservicessold": 4405919000,
        "costofautomotiveleasing": 119283000,
        "costofrevenuesautomotive": 4525202000,
        "costofservicesandother": 444992000,
        "costofrevenue": 5300748000,
        "grossprofit": 1523665000,
        "researchanddevelopmentexpense": 350848000,
        "sellinggeneralandadministrativeexpense": 729876000,
        "restructuringandotherexpenses": 26184000,
        "operatingexpenses": 1106908000,
        "operatingincomeloss": 416757000,
        "investmentincomeinterest": 6907000,
        "interestexpense": 175220000,
        "othernonoperatingincomeexpense": 22876000,
        "incomelossfromcontinuingoperationsbeforeincometaxesextraordinaryitemsnoncontrollinginterest": 271320000,
        "incometaxexpensebenefit": 16647000,
        "profitloss": 254673000,
        "netincomelossattributabletononcontrollinginterest": -56843000,
        "netincomeloss": 311516000,
        "earningspersharebasic": 1.82,
        "earningspersharediluted": 1.75,
        "weightedaveragenumberofsharesoutstandingbasic": 170893000,
        "weightedaveragenumberofdilutedsharesoutstanding": 178196000,
        "othercomprehensiveincomelossforeigncurrencytransactionandtranslationadjustmentnetoftax": -10274000,
        "othercomprehensiveincomelossnetoftaxportionattributabletoparent": -10274000,
        "comprehensiveincomenetoftax": 301242000
    },
    {
        "date": "2018-06-29",
        "symbol": "TSLA",
        "period": "Q2",
        "salesrevenuegoodsnet": 3117865000,
        "operatingleasesincomestatementleaserevenue": 239816000,
        "salesrevenueautomotive": 3357681000,
        "salesrevenueenergyservices": 374408000,
        "salesrevenueservicesandothernet": 270142000,
        "revenues": 4002231000,
        "costofgoodssold": 2529739000,
        "costofautomotiveleasing": 136915000,
        "costofrevenuesautomotive": 2666654000,
        "costofservicesenergyservices": 330273000,
        "costofservicesandother": 386374000,
        "costofrevenue": 3383301000,
        "grossprofit": 618930000,
        "researchanddevelopmentexpense": 386129000,
        "sellinggeneralandadministrativeexpense": 750759000,
        "restructuringandotherexpenses": 103434000,
        "operatingexpenses": 1240322000,
        "operatingincomeloss": -621392000,
        "investmentincomeinterest": 5064000,
        "interestexpense": 163582000,
        "othernonoperatingincomeexpense": 50911000,
        "incomelossfromcontinuingoperationsbeforeincometaxesextraordinaryitemsnoncontrollinginterest": -728999000,
        "incometaxexpensebenefit": 13707000,
        "profitloss": -742706000,
        "netincomelossattributabletononcontrollinginterest": -25167000,
        "netincomelossavailabletocommonstockholdersbasic": -717539000,
        "earningspersharebasic": -4.22,
        "earningspersharediluted": -4.22,
        "weightedaveragenumberofsharesoutstandingbasic": 169997000,
        "weightedaveragenumberofdilutedsharesoutstanding": 169997000,
        "netincomeloss": -717539000,
        "othercomprehensiveincomelossforeigncurrencytransactionandtranslationadjustmentnetoftax": -64376000,
        "othercomprehensiveincomelossnetoftaxportionattributabletoparent": -64376000,
        "comprehensiveincomenetoftax": -781915000
    },
    {
        "date": "2018-03-30",
        "symbol": "TSLA",
        "period": "Q1",
        "salesrevenuegoodsnet": 2561881000,
        "operatingleasesincomestatementleaserevenue": 173436000,
        "salesrevenueautomotive": 2735317000,
        "salesrevenueenergyservices": 410022000,
        "salesrevenueservicesandothernet": 263412000,
        "revenues": 3408751000,
        "costofgoodssold": 2091397000,
        "costofautomotiveleasing": 104496000,
        "costofrevenuesautomotive": 2195893000,
        "costofservicesenergyservices": 375363000,
        "costofservicesandother": 380969000,
        "costofrevenue": 2952225000,
        "grossprofit": 456526000,
        "researchanddevelopmentexpense": 367096000,
        "sellinggeneralandadministrativeexpense": 686404000,
        "operatingexpenses": 1053500000,
        "operatingincomeloss": -596974000,
        "investmentincomeinterest": 5214000,
        "interestexpense": 149546000,
        "othernonoperatingincomeexpense": -37716000,
        "incomelossfromcontinuingoperationsbeforeincometaxesextraordinaryitemsnoncontrollinginterest": -779022000,
        "incometaxexpensebenefit": 5605000,
        "profitloss": -784627000,
        "netincomelossattributabletononcontrollinginterest": -75076000,
        "netincomelossavailabletocommonstockholdersbasic": -709551000,
        "earningspersharebasic": -4.19,
        "earningspersharediluted": -4.19,
        "weightedaveragenumberofsharesoutstandingbasic": 169146000,
        "weightedaveragenumberofdilutedsharesoutstanding": 169146000,
        "netincomeloss": -709551000,
        "othercomprehensiveincomelossforeigncurrencytransactionandtranslationadjustmentnetoftax": 49573000,
        "othercomprehensiveincomelossnetoftaxportionattributabletoparent": 49573000,
        "comprehensiveincomenetoftax": -659978000
    },
    {
        "date": "2017-12-30",
        "symbol": "TSLA",
        "period": "Q4",
        "salesrevenuegoodsnet": 2409109000,
        "operatingleasesincomestatementleaserevenue": 293086000,
        "salesrevenueautomotive": 2702195000,
        "salesrevenueenergyservices": 298037000,
        "salesrevenueservicesandothernet": 288017000,
        "revenues": 3288249000,
        "costofgoodssold": 1999631000,
        "costofautomotiveleasing": 191541000,
        "costofrevenuesautomotive": 2191172000,
        "costofservicesenergyservices": 281715000,
        "costofservicesandother": 376576000,
        "costofrevenue": 2849463000,
        "grossprofit": 438786000,
        "researchanddevelopmentexpense": 354637000,
        "sellinggeneralandadministrativeexpense": 682290000,
        "operatingexpenses": 1036927000,
        "operatingincomeloss": -598141000,
        "investmentincomeinterest": 6280000,
        "interestexpense": 146363000,
        "othernonoperatingincomeexpense": -41677000,
        "incomelossfromcontinuingoperationsbeforeincometaxesextraordinaryitemsnoncontrollinginterest": -779901000,
        "incometaxexpensebenefit": -9094000,
        "profitloss": -770807000,
        "netincomelossattributabletononcontrollinginterest": -95457000,
        "netincomelossavailabletocommonstockholdersbasic": -675350000,
        "netincomeloss": -675350000,
        "othercomprehensiveincomelossforeigncurrencytransactionandtranslationadjustmentnetoftax": 12098000,
        "othercomprehensiveincomelossnetoftaxportionattributabletoparent": 12098000,
        "comprehensiveincomenetoftax": -663252000
    },
    {
        "date": "2017-09-29",
        "symbol": "TSLA",
        "period": "Q3",
        "salesrevenuegoodsnet": 2076731000,
        "operatingleasesincomestatementleaserevenue": 286158000,
        "salesrevenueautomotive": 2362889000,
        "salesrevenueenergyservices": 317505000,
        "salesrevenueservicesandothernet": 304281000,
        "revenues": 2984675000,
        "costofgoodssold": 1755622000,
        "costofautomotiveleasing": 175224000,
        "costofrevenuesautomotive": 1930846000,
        "costofservicesenergyservices": 237288000,
        "costofservicesandother": 367401000,
        "costofrevenue": 2535535000,
        "grossprofit": 449140000,
        "researchanddevelopmentexpense": 331622000,
        "sellinggeneralandadministrativeexpense": 652998000,
        "operatingexpenses": 984620000,
        "operatingincomeloss": -535480000,
        "investmentincomeinterest": 5531000,
        "interestexpense": 117109000,
        "othernonoperatingincomeexpense": -24390000,
        "incomelossfromcontinuingoperationsbeforeincometaxesextraordinaryitemsnoncontrollinginterest": -671448000,
        "incometaxexpensebenefit": -285000,
        "profitloss": -671163000,
        "netincomelossattributabletononcontrollinginterest": -51787000,
        "netincomelossavailabletocommonstockholdersbasic": -619376000,
        "netincomeloss": -619376000,
        "othercomprehensiveincomelossforeigncurrencytransactionandtranslationadjustmentnetoftax": 10289000,
        "othercomprehensiveincomelossnetoftaxportionattributabletoparent": 10289000,
        "comprehensiveincomenetoftax": -609087000
    },
    {
        "date": "2017-06-29",
        "symbol": "TSLA",
        "period": "Q2",
        "salesrevenuegoodsnet": 2013852000,
        "operatingleasesincomestatementleaserevenue": 272764000,
        "salesrevenueautomotive": 2286616000,
        "salesrevenueenergyservices": 286780000,
        "salesrevenueservicesandothernet": 216161000,
        "revenues": 2789557000,
        "costofgoodssold": 1472578000,
        "costofautomotiveleasing": 175433000,
        "costofrevenuesautomotive": 1648011000,
        "costofservicesenergyservices": 203762000,
        "costofservicesandother": 271169000,
        "costofrevenue": 2122942000,
        "grossprofit": 666615000,
        "researchanddevelopmentexpense": 369774000,
        "sellinggeneralandadministrativeexpense": 537757000,
        "operatingexpenses": 907531000,
        "operatingincomeloss": -240916000,
        "investmentincomeinterest": 4785000,
        "interestexpense": 108441000,
        "othernonoperatingincomeexpense": -41208000,
        "incomelossfromcontinuingoperationsbeforeincometaxesextraordinaryitemsnoncontrollinginterest": -385780000,
        "incometaxexpensebenefit": 15647000,
        "profitloss": -401427000,
        "netincomelossattributabletononcontrollinginterest": -65030000,
        "netincomelossavailabletocommonstockholdersbasic": -336397000,
        "earningspersharebasicanddiluted": -2.0300000000000002,
        "weightedaveragenumberofshareoutstandingbasicanddiluted": 163679000,
        "netincomeloss": -336397000,
        "othercomprehensiveincomelossreclassificationadjustmentfromaocionderivativesnetoftax": 0,
        "othercomprehensiveincomelossderivativesqualifyingashedgesnetoftax": 0,
        "othercomprehensiveincomelossforeigncurrencytransactionandtranslationadjustmentnetoftax": 31730000,
        "othercomprehensiveincomelossnetoftaxportionattributabletoparent": 31730000,
        "comprehensiveincomenetoftax": -304667000
    },
    {
        "date": "2017-03-30",
        "symbol": "TSLA",
        "period": "Q1",
        "salesrevenuegoodsnet": 2035060000,
        "operatingleasesincomestatementleaserevenue": 254540000,
        "salesrevenueautomotive": 2289600000,
        "salesrevenueenergyservices": 213944000,
        "salesrevenueservicesandothernet": 192726000,
        "revenues": 2696270000,
        "costofgoodssold": 1496649000,
        "costofautomotiveleasing": 166026000,
        "costofrevenuesautomotive": 1662675000,
        "costofservicesenergyservices": 151773000,
        "costofservicesandother": 213876000,
        "costofrevenue": 2028324000,
        "grossprofit": 667946000,
        "researchanddevelopmentexpense": 322040000,
        "sellinggeneralandadministrativeexpense": 603455000,
        "operatingexpenses": 925495000,
        "operatingincomeloss": -257549000,
        "investmentincomeinterest": 3090000,
        "interestexpense": 99346000,
        "othernonoperatingincomeexpense": -18098000,
        "incomelossfromcontinuingoperationsbeforeincometaxesextraordinaryitemsnoncontrollinginterest": -371903000,
        "incometaxexpensebenefit": 25278000,
        "profitloss": -397181000,
        "netincomelossattributabletononcontrollinginterest": -66904000,
        "netincomelossavailabletocommonstockholdersbasic": -330277000,
        "earningspersharebasicanddiluted": -2.04,
        "weightedaveragenumberofshareoutstandingbasicanddiluted": 162129000,
        "netincomeloss": -330277000,
        "othercomprehensiveincomelossreclassificationadjustmentfromaocionderivativesnetoftax": 5570000,
        "othercomprehensiveincomelossderivativesqualifyingashedgesnetoftax": -5570000,
        "othercomprehensiveincomelossforeigncurrencytransactionandtranslationadjustmentnetoftax": 8541000,
        "othercomprehensiveincomelossnetoftaxportionattributabletoparent": 2971000,
        "comprehensiveincomenetoftax": -327306000
    },
    {
        "date": "2016-12-30",
        "symbol": "TSLA",
        "period": "Q4",
        "salesrevenuegoodsnet": 1463649000,
        "salesrevenueservicesandothernet": 109114000,
        "revenues": 2284631000,
        "costofgoodssold": 1224387000,
        "costofservicesandother": 126599000,
        "costofrevenue": 1849353000,
        "grossprofit": 435278000,
        "researchanddevelopmentexpense": 245960000,
        "sellinggeneralandadministrativeexpense": 456016000,
        "operatingexpenses": 701976000,
        "operatingincomeloss": -266698000,
        "investmentincomeinterest": 2179000,
        "interestexpense": 65104000,
        "othernonoperatingincomeexpense": 121224000,
        "incomelossfromcontinuingoperationsbeforeincometaxesextraordinaryitemsnoncontrollinginterest": -208399000,
        "incometaxexpensebenefit": 11070000,
        "netincomeloss": -121337000,
        "othercomprehensiveincomeunrealizedgainlossonderivativesandsecuritiesarisingduringperiodnetoftax": -48766000,
        "othercomprehensiveincomelossforeigncurrencytransactionandtranslationadjustmentnetoftax": -14530000,
        "comprehensiveincomenetoftax": -170387000
    },
    {
        "date": "2016-09-29",
        "symbol": "TSLA",
        "period": "Q3",
        "salesrevenuegoodsnet": 1917442000,
        "operatingleasesincomestatementleaserevenue": 231285000,
        "salesrevenueautomotive": 2148727000,
        "salesrevenueservicesandothernet": 149709000,
        "revenues": 2298436000,
        "costofgoodssold": 1355102000,
        "costofautomotiveleasing": 161959000,
        "costofrevenuesautomotive": 1517061000,
        "costofservicesandother": 144640000,
        "costofrevenue": 1661701000,
        "grossprofit": 636735000,
        "researchanddevelopmentexpense": 214302000,
        "sellinggeneralandadministrativeexpense": 336811000,
        "operatingexpenses": 551113000,
        "operatingincomeloss": 85622000,
        "investmentincomeinterest": 2858000,
        "interestexpense": 46713000,
        "othernonoperatingincomeexpense": -11756000,
        "incomelossfromcontinuingoperationsbeforeincometaxesextraordinaryitemsnoncontrollinginterest": 30011000,
        "incometaxexpensebenefit": 8133000,
        "netincomeloss": 21878000,
        "earningspersharebasic": 0.15,
        "earningspersharediluted": 0.14,
        "weightedaveragenumberofsharesoutstandingbasic": 148991000,
        "weightedaveragenumberofdilutedsharesoutstanding": 156935000,
        "othercomprehensiveincomeunrealizedgainlossonderivativesandsecuritiesarisingduringperiodnetoftax": 3349000,
        "othercomprehensiveincomelossreclassificationadjustmentfromaociforsaleofsecuritiesnetoftax": 14246000,
        "othercomprehensiveincomelossforeigncurrencytransactionandtranslationadjustmentnetoftax": 2014000,
        "othercomprehensiveincomelossnetoftax": -8883000,
        "comprehensiveincomenetoftax": 12995000
    },
    {
        "date": "2016-06-29",
        "symbol": "TSLA",
        "period": "Q2",
        "salesrevenuegoodsnet": 1181852000,
        "salesrevenueservicesandothernet": 88165000,
        "revenues": 1270017000,
        "costofgoodssold": 909282000,
        "costofservicesandother": 85959000,
        "costofrevenue": 995241000,
        "grossprofit": 274776000,
        "researchanddevelopmentexpense": 191664000,
        "sellinggeneralandadministrativeexpense": 321152000,
        "operatingexpenses": 512816000,
        "operatingincomeloss": -238040000,
        "investmentincomeinterest": 2242000,
        "interestexpense": 46368000,
        "othernonoperatingincomeexpense": -7373000,
        "incomelossfromcontinuingoperationsbeforeincometaxesextraordinaryitemsnoncontrollinginterest": -289539000,
        "incometaxexpensebenefit": 3649000,
        "netincomeloss": -293188000,
        "earningspersharebasicanddiluted": -2.09,
        "weightedaveragenumberofshareoutstandingbasicanddiluted": 139983000,
        "othercomprehensiveincomeunrealizedgainlossonderivativesandsecuritiesarisingduringperiodnetoftax": 22928000,
        "othercomprehensiveincomelossforeigncurrencytransactionandtranslationadjustmentnetoftax": -2300000,
        "othercomprehensiveincomelossnetoftax": 20628000,
        "comprehensiveincomenetoftax": -272560000
    },
    {
        "date": "2016-03-30",
        "symbol": "TSLA",
        "period": "Q1",
        "salesrevenuegoodsnet": 1026064000,
        "salesrevenueservicesandothernet": 120984000,
        "revenues": 1147048000,
        "costofgoodssold": 779316000,
        "costofservicesandother": 115264000,
        "costofrevenue": 894580000,
        "grossprofit": 252468000,
        "researchanddevelopmentexpense": 182482000,
        "sellinggeneralandadministrativeexpense": 318210000,
        "operatingexpenses": 500692000,
        "operatingincomeloss": -248224000,
        "investmentincomeinterest": 1251000,
        "interestexpense": 40625000,
        "othernonoperatingincomeexpense": 9177000,
        "incomelossfromcontinuingoperationsbeforeincometaxesextraordinaryitemsnoncontrollinginterest": -278421000,
        "incometaxexpensebenefit": 3846000,
        "netincomeloss": -282267000,
        "earningspersharebasicanddiluted": -2.13,
        "weightedaveragenumberofshareoutstandingbasicanddiluted": 132676000,
        "othercomprehensiveincomeunrealizedgainlossonderivativesandsecuritiesarisingduringperiodnetoftax": 20805000,
        "othercomprehensiveincomelossforeigncurrencytransactionandtranslationadjustmentnetoftax": -3684000,
        "othercomprehensiveincomelossnetoftax": 17121000,
        "comprehensiveincomenetoftax": -265146000
    },
    {
        "date": "2015-12-30",
        "symbol": "TSLA",
        "period": "Q4",
        "salesrevenuegoodsnet": 1117008000,
        "salesrevenueservicesandothernet": 97372000,
        "revenues": 1214380000,
        "costofgoodssold": 896442000,
        "costofservicesandother": 99374000,
        "costofrevenue": 995816000,
        "grossprofit": 218564000,
        "researchanddevelopmentexpense": 190243000,
        "sellinggeneralandadministrativeexpense": 288654000,
        "operatingexpenses": 478897000,
        "operatingincomeloss": -260333000,
        "investmentincomeinterest": 750000,
        "interestexpense": 38617000,
        "othernonoperatingincomeexpense": -17149000,
        "incomelossfromcontinuingoperationsbeforeincometaxesextraordinaryitemsnoncontrollinginterest": -315349000,
        "incometaxexpensebenefit": 5048000,
        "netincomeloss": -320397000,
        "earningspersharebasicanddiluted": -2.4799999999999995,
        "weightedaveragenumberofshareoutstandingbasicanddiluted": 128202000,
        "othercomprehensiveincomelossforeigncurrencytransactionandtranslationadjustmentnetoftax": 13183000,
        "othercomprehensiveincomelossnetoftax": 20429000,
        "comprehensiveincomenetoftax": -299968000
    },
    {
        "date": "2015-09-29",
        "symbol": "TSLA",
        "period": "Q3",
        "salesrevenuegoodsnet": 852555000,
        "salesrevenueservicesandothernet": 84234000,
        "revenues": 936789000,
        "costofgoodssold": 628729000,
        "costofservicesandother": 76564000,
        "costofrevenue": 705293000,
        "grossprofit": 231496000,
        "researchanddevelopmentexpense": 178791000,
        "sellinggeneralandadministrativeexpense": 236367000,
        "operatingexpenses": 415158000,
        "operatingincomeloss": -183662000,
        "investmentincomeinterest": 327000,
        "interestexpense": 29308000,
        "othernonoperatingincomeexpense": -15431000,
        "incomelossfromcontinuingoperationsbeforeincometaxesextraordinaryitemsnoncontrollinginterest": -228074000,
        "incometaxexpensebenefit": 1784000,
        "netincomeloss": -229858000,
        "earningspersharebasicanddiluted": -1.78,
        "weightedaveragenumberofshareoutstandingbasicanddiluted": 129006000,
        "marketablesecuritiesunrealizedgainloss": 11000,
        "othercomprehensiveincomelossforeigncurrencytransactionandtranslationadjustmentnetoftax": -9192000,
        "othercomprehensiveincomelossnetoftax": -9181000,
        "comprehensiveincomenetoftax": -239039000
    },
    {
        "date": "2015-06-29",
        "symbol": "TSLA",
        "period": "Q2",
        "salesrevenuegoodsnet": 878090000,
        "salesrevenueservicesandothernet": 76886000,
        "revenues": 954976000,
        "costofgoodssold": 666386000,
        "costofservicesandother": 75220000,
        "costofrevenue": 741606000,
        "grossprofit": 213370000,
        "researchanddevelopmentexpense": 181712000,
        "sellinggeneralandadministrativeexpense": 201846000,
        "operatingexpenses": 383558000,
        "operatingincomeloss": -170188000,
        "investmentincomeinterest": 247000,
        "interestexpense": 24352000,
        "othernonoperatingincomeexpense": 13233000,
        "incomelossfromcontinuingoperationsbeforeincometaxesextraordinaryitemsnoncontrollinginterest": -181060000,
        "incometaxexpensebenefit": 3167000,
        "netincomeloss": -184227000,
        "earningspersharebasicanddiluted": -1.45,
        "weightedaveragenumberofshareoutstandingbasicanddiluted": 126688755,
        "marketablesecuritiesunrealizedgainloss": 4000,
        "othercomprehensiveincomelossforeigncurrencytransactionandtranslationadjustmentnetoftax": 1157000,
        "othercomprehensiveincomelossnetoftax": 1161000,
        "comprehensiveincomenetoftax": -183066000
    },
    {
        "date": "2015-03-30",
        "symbol": "TSLA",
        "period": "Q1",
        "salesrevenuegoodsnet": 893320000,
        "salesrevenueservicesandothernet": 46560000,
        "revenues": 939880000,
        "costofgoodssold": 631745000,
        "costofservicesandother": 48062000,
        "costofrevenue": 679807000,
        "grossprofit": 260073000,
        "researchanddevelopmentexpense": 167154000,
        "sellinggeneralandadministrativeexpense": 195365000,
        "operatingexpenses": 362519000,
        "operatingincomeloss": -102446000,
        "investmentincomeinterest": 184000,
        "interestexpense": 26574000,
        "othernonoperatingincomeexpense": -22305000,
        "incomelossfromcontinuingoperationsbeforeincometaxesextraordinaryitemsnoncontrollinginterest": -151141000,
        "incometaxexpensebenefit": 3040000,
        "netincomeloss": -154181000,
        "earningspersharebasicanddiluted": -1.22,
        "weightedaveragenumberofshareoutstandingbasicanddiluted": 125946657,
        "marketablesecuritiesunrealizedgainloss": 204000,
        "othercomprehensiveincomelossforeigncurrencytransactionandtranslationadjustmentnetoftax": -16147000,
        "othercomprehensiveincomelossnetoftax": -15943000,
        "comprehensiveincomenetoftax": -170124000
    },
    {
        "date": "2014-12-30",
        "symbol": "TSLA",
        "period": "Q4",
        "salesrevenuegoodsnet": 956661000,
        "salesrevenueservicesnet": 0,
        "revenues": 956661000,
        "costofgoodssold": 694964000,
        "costofservices": 0,
        "costofrevenue": 694964000,
        "grossprofit": 261697000,
        "researchanddevelopmentexpense": 139566000,
        "sellinggeneralandadministrativeexpense": 196971000,
        "operatingexpenses": 336537000,
        "operatingincomeloss": -74840000,
        "investmentincomeinterest": 218000,
        "interestexpense": 28703000,
        "incomelossfromcontinuingoperationsbeforeincometaxesextraordinaryitemsnoncontrollinginterest": -103914000,
        "incometaxexpensebenefit": 3718000,
        "netincomeloss": -107632000
    },
    {
        "date": "2014-09-29",
        "symbol": "TSLA",
        "period": "Q3",
        "salesrevenuegoodsnet": 849009000,
        "salesrevenueservicesnet": 2795000,
        "revenues": 851804000,
        "costofgoodssold": 598472000,
        "costofservices": 1481000,
        "costofrevenue": 599953000,
        "grossprofit": 251851000,
        "researchanddevelopmentexpense": 135873000,
        "sellinggeneralandadministrativeexpense": 155107000,
        "operatingexpenses": 290980000,
        "operatingincomeloss": -39129000,
        "investmentincomeinterest": 300000,
        "interestexpense": 29062000,
        "othernonoperatingincomeexpense": -3090000,
        "incomelossfromcontinuingoperationsbeforeincometaxesextraordinaryitemsnoncontrollinginterest": -70981000,
        "incometaxexpensebenefit": 3727000,
        "netincomeloss": -74708000,
        "earningspersharebasicanddiluted": -0.6,
        "weightedaveragenumberofshareoutstandingbasicanddiluted": 124910569
    },
    {
        "date": "2014-06-29",
        "symbol": "TSLA",
        "period": "Q2",
        "salesrevenuegoodsnet": 768242000,
        "salesrevenueservicesnet": 1107000,
        "revenues": 769349000,
        "costofgoodssold": 554104000,
        "costofservices": 2250000,
        "costofrevenue": 556354000,
        "grossprofit": 212995000,
        "researchanddevelopmentexpense": 107717000,
        "sellinggeneralandadministrativeexpense": 134031000,
        "operatingexpenses": 241748000,
        "operatingincomeloss": -28753000,
        "investmentincomeinterest": 467000,
        "interestexpense": 31238000,
        "othernonoperatingincomeexpense": -1226000,
        "incomelossfromcontinuingoperationsbeforeincometaxesextraordinaryitemsnoncontrollinginterest": -60750000,
        "incometaxexpensebenefit": 1150000,
        "netincomeloss": -61900000,
        "earningspersharebasicanddiluted": -0.5,
        "weightedaveragenumberofsharesoutstandingbasicanddilutedone": 124250428
    },
    {
        "date": "2014-03-30",
        "symbol": "TSLA",
        "period": "Q1",
        "salesrevenuegoodsnet": 618811000,
        "salesrevenueservicesnet": 1731000,
        "revenues": 620542000,
        "costofgoodssold": 462471000,
        "costofservices": 2943000,
        "costofrevenue": 465414000,
        "grossprofit": 155128000,
        "researchanddevelopmentexpense": 81544000,
        "sellinggeneralandadministrativeexpense": 117551000,
        "operatingexpenses": 199095000,
        "operatingincomeloss": -43967000,
        "investmentincomeinterest": 141000,
        "interestexpense": 11883000,
        "othernonoperatingincome": 6718000,
        "incomelossfromcontinuingoperationsbeforeincometaxesextraordinaryitemsnoncontrollinginterest": -48991000,
        "incometaxexpensebenefit": 809000,
        "netincomeloss": -49800000,
        "earningspersharebasic": -0.4,
        "weightedaveragenumberofsharesoutstandingbasic": 123472782,
        "earningspersharediluted": -0.4,
        "weightedaveragenumberofdilutedsharesoutstanding": 123472782
    },
    {
        "date": "2013-12-30",
        "symbol": "TSLA",
        "period": "Q4",
        "salesrevenuegoodsnet": 610852000,
        "salesrevenueservicesnet": 4367000,
        "revenues": 615219000,
        "costofgoodssold": 453578000,
        "costofservices": 5050000,
        "costofrevenue": 458628000,
        "grossprofit": 156591000,
        "researchanddevelopmentexpense": 68454000,
        "sellinggeneralandadministrativeexpense": 101490000,
        "operatingexpenses": 169944000,
        "operatingincomeloss": -13353000,
        "investmentincomeinterest": 72000,
        "interestexpense": 6208000,
        "othernonoperatingincomeexpense": 4583000,
        "incomelossfromcontinuingoperationsbeforeincometaxesextraordinaryitemsnoncontrollinginterest": -14906000,
        "incometaxexpensebenefit": 1358000,
        "netincomeloss": -16264000,
        "comprehensiveincomenetoftax": -16264000
    },
    {
        "date": "2013-09-29",
        "symbol": "TSLA",
        "period": "Q3",
        "salesrevenuegoodsnet": 430196000,
        "salesrevenueservicesnet": 1150000,
        "revenues": 431346000,
        "costofgoodssold": 324883000,
        "costofservices": 3595000,
        "costofrevenue": 328478000,
        "grossprofit": 102868000,
        "researchanddevelopmentexpense": 56351000,
        "sellinggeneralandadministrativeexpense": 77071000,
        "operatingexpenses": 133422000,
        "operatingincomeloss": -30554000,
        "investmentincomeinterest": 68000,
        "interestexpense": 6492000,
        "othernonoperatingincomeexpense": -740000,
        "incomelossfromcontinuingoperationsbeforeincometaxesextraordinaryitemsnoncontrollinginterest": -37718000,
        "incometaxexpensebenefit": 778000,
        "netincomeloss": -38496000,
        "incomelossfromcontinuingoperationsperbasicanddilutedshare": -0.32,
        "weightedaveragenumberofsharesoutstandingbasicanddilutedone": 121862497,
        "comprehensiveincomenetoftax": -38496000
    },
    {
        "date": "2013-06-29",
        "symbol": "TSLA",
        "period": "Q2",
        "salesrevenuegoodsnet": 401535000,
        "salesrevenueservicesnet": 3604000,
        "revenues": 405139000,
        "costofgoodssold": 303599000,
        "costofservices": 1057000,
        "costofrevenue": 304656000,
        "grossprofit": 100483000,
        "researchanddevelopmentexpense": 52312000,
        "sellinggeneralandadministrativeexpense": 59963000,
        "operatingexpenses": 112275000,
        "operatingincomeloss": -11792000,
        "investmentincomeinterest": 39000,
        "interestexpense": 20116000,
        "othernonoperatingincomeexpense": 1668000,
        "incomelossfromcontinuingoperationsbeforeincometaxesextraordinaryitemsnoncontrollinginterest": -30201000,
        "incometaxexpensebenefit": 301000,
        "netincomeloss": -30502000,
        "incomelossfromcontinuingoperationsperbasicanddilutedshare": -0.26,
        "weightedaveragenumberofsharesoutstandingbasicanddilutedone": 118193608,
        "comprehensiveincomenetoftax": -30502000
    },
    {
        "date": "2013-03-30",
        "symbol": "TSLA",
        "period": "Q1",
        "salesrevenuegoodsnet": 555203000,
        "salesrevenueservicesnet": 6589000,
        "revenues": 561792000,
        "costofgoodssold": 461818000,
        "costofservices": 3654000,
        "costofrevenue": 465472000,
        "grossprofit": 96320000,
        "researchanddevelopmentexpense": 54859000,
        "sellinggeneralandadministrativeexpense": 47045000,
        "operatingexpenses": 101904000,
        "operatingincomeloss": -5584000,
        "investmentincomeinterest": 10000,
        "interestexpense": 118000,
        "othernonoperatingincomeexpense": 17091000,
        "incomelossfromcontinuingoperationsbeforeincometaxesextraordinaryitemsnoncontrollinginterest": 11399000,
        "incometaxexpensebenefit": 151000,
        "netincomeloss": 11248000,
        "earningspersharebasic": 0.1,
        "weightedaveragenumberofsharesoutstandingbasic": 114711899,
        "weightedaveragenumberofdilutedsharesoutstanding": 124265292,
        "comprehensiveincomenetoftax": 11248000
    },
    {
        "date": "2012-12-30",
        "symbol": "TSLA",
        "period": "Q4",
        "salesrevenuegoodsnet": 294376000,
        "salesrevenueservicesnet": 11956000,
        "revenues": 306332000,
        "costofgoodssold": 278711000,
        "costofservices": 3764000,
        "costofrevenue": 282475000,
        "grossprofit": 23857000,
        "researchanddevelopmentexpense": 68832000,
        "sellinggeneralandadministrativeexpense": 45908000,
        "operatingexpenses": 114740000,
        "operatingincomeloss": -90883000,
        "investmentincomeinterest": 85000,
        "interestexpense": 26000,
        "othernonoperatingincomeexpense": 745000,
        "incomelossfromcontinuingoperationsbeforeincometaxesextraordinaryitemsnoncontrollinginterest": -90079000,
        "incometaxexpensebenefit": -148000,
        "netincomeloss": -89931000,
        "incomelossfromcontinuingoperationsperbasicanddilutedshare": -0.7799999999999997,
        "comprehensiveincomenetoftax": -89928000
    },
    {
        "date": "2012-09-29",
        "symbol": "TSLA",
        "period": "Q3",
        "salesrevenuegoodsnet": 50024000,
        "salesrevenueservicesnet": 80000,
        "revenues": 50104000,
        "costofgoodssold": 58865000,
        "costofservices": 1000,
        "costofrevenue": 58866000,
        "grossprofit": -8762000,
        "researchanddevelopmentexpense": 61901000,
        "sellinggeneralandadministrativeexpense": 37799000,
        "operatingexpenses": 99700000,
        "operatingincomeloss": -108462000,
        "investmentincomeinterest": 39000,
        "interestexpense": 79000,
        "othernonoperatingincomeexpense": -2188000,
        "incomelossfromcontinuingoperationsbeforeincometaxesextraordinaryitemsnoncontrollinginterest": -110690000,
        "incometaxexpensebenefit": 116000,
        "netincomeloss": -110806000,
        "incomelossfromcontinuingoperationsperbasicanddilutedshare": -1.0500000000000003,
        "comprehensiveincomenetoftax": -290564000
    },
    {
        "date": "2012-06-29",
        "symbol": "TSLA",
        "period": "Q2",
        "salesrevenuegoodsnet": 22054000,
        "salesrevenueservicesnet": 4599000,
        "revenues": 26653000,
        "costofgoodssold": 20150000,
        "costofservices": 1741000,
        "costofrevenue": 21891000,
        "grossprofit": 4762000,
        "researchanddevelopmentexpense": 74854000,
        "sellinggeneralandadministrativeexpense": 36083000,
        "operatingexpenses": 110937000,
        "operatingincomeloss": -106175000,
        "investmentincomeinterest": 74000,
        "interestexpense": 84000,
        "othernonoperatingincomeexpense": 691000,
        "incomelossfromcontinuingoperationsbeforeincometaxesextraordinaryitemsnoncontrollinginterest": -105494000,
        "incometaxexpensebenefit": 109000,
        "netincomeloss": -105603000,
        "incomelossfromcontinuingoperationsperbasicanddilutedshare": -1,
        "weightedaveragenumberofsharesoutstandingbasicanddiluted1": 105242452,
        "othercomprehensiveincomelossreclassificationadjustmentforsaleofsecuritiesincludedinnetincomenetoftax": -6000,
        "othercomprehensiveincomelossnetoftax": -6000,
        "comprehensiveincomenetoftax": -105597000
    },
    {
        "date": "2012-03-30",
        "symbol": "TSLA",
        "period": "Q1",
        "salesrevenuegoodsnet": 19245000,
        "salesrevenueservicesnet": 10922000,
        "revenues": 30167000,
        "costofgoodssold": 13932000,
        "costofservices": 6025000,
        "costofrevenue": 19957000,
        "grossprofit": 10210000,
        "researchanddevelopmentexpense": 68391000,
        "sellinggeneralandadministrativeexpense": 30582000,
        "operatingexpenses": 98973000,
        "operatingincomeloss": -88763000,
        "investmentincomeinterest": 90000,
        "interestexpense": 65000,
        "othernonoperatingincomeexpense": -1076000,
        "incomelossfromcontinuingoperationsbeforeincometaxesextraordinaryitemsnoncontrollinginterest": -89814000,
        "incometaxexpensebenefit": 59000,
        "netincomeloss": -89873000,
        "incomelossfromcontinuingoperationsperbasicanddilutedshare": -0.86,
        "weightedaveragenumberofsharesoutstandingbasicanddiluted1": 104784343,
        "marketablesecuritiesunrealizedgainloss": 6000,
        "othercomprehensiveincomelossnetoftaxperiodincreasedecrease": 6000,
        "comprehensiveincomenetoftax": 89879000
    },
    {
        "date": "2011-09-29",
        "symbol": "TSLA",
        "period": "Q3",
        "salesrevenuegoodsnet": 43235000,
        "salesrevenueservicesnet": 14431000,
        "revenues": 57666000,
        "costofgoodssold": 32752000,
        "costofservices": 7690000,
        "costofrevenue": 40442000,
        "grossprofit": 17224000,
        "researchanddevelopmentexpense": 54083000,
        "sellinggeneralandadministrativeexpense": 27618000,
        "operatingexpenses": 81701000,
        "operatingincomeloss": -64477000,
        "investmentincomeinterest": 80000,
        "othernonoperatingincomeexpense": -594000,
        "incomelossfromcontinuingoperationsbeforeincometaxesextraordinaryitemsnoncontrollinginterest": -64991000,
        "incometaxexpensebenefit": 87000,
        "netincomeloss": -65078000,
        "incomelossfromcontinuingoperationsperbasicanddilutedshare": -0.63,
        "weightedaveragesharesusedincomputingnetlosspershareofcommonstockbasicanddiluted": 104076830
    },
    {
        "date": "2011-06-29",
        "symbol": "TSLA",
        "period": "Q2",
        "salesrevenuegoodsnet": 39028000,
        "salesrevenueservicesnet": 19143000,
        "revenues": 58171000,
        "costofgoodssold": 30528000,
        "costofservices": 9135000,
        "costofrevenue": 39663000,
        "grossprofit": 18508000,
        "researchanddevelopmentexpense": 52531000,
        "sellinggeneralandadministrativeexpense": 24716000,
        "operatingexpenses": 77247000,
        "operatingincomeloss": -58739000,
        "investmentincomeinterest": 46000,
        "othernonoperatingincomeexpense": -71000,
        "incomelossfromcontinuingoperationsbeforeincometaxesextraordinaryitemsnoncontrollinginterest": -58764000,
        "incometaxexpensebenefit": 139000,
        "netincomeloss": -58903000,
        "incomelossfromcontinuingoperationsperbasicanddilutedshare": -0.6,
        "weightedaveragesharesusedincomputingnetlosspershareofcommonstockbasicanddiluted": 97757266
    }
]