[
    {
        "date": "2024-11-01",
        "symbol": "BURL",
        "period": "Q3",
        "revenuefromcontractwithcustomerexcludingassessedtax": 2526174000,
        "typeofrevenueextensiblelist": "http://fasb.org/us-gaap/2024#ProductMember",
        "otherincome": 4522000,
        "revenues": 2530696000,
        "costofgoodsandservicessold": 1418143000,
        "sellinggeneralandadministrativeexpense": 893092000,
        "costsrelatedtodebtamendments": 4553000,
        "depreciationdepletionandamortization": 87470000,
        "assetimpairmentcharges": 3044000,
        "othernonoperatingincomeexpense": 12825000,
        "gainslossesonextinguishmentofdebt": -1412000,
        "interestincomeexpensenonoperatingnet": 4745000,
        "costsandexpenses": 2412658000,
        "incomelossfromcontinuingoperationsbeforeincometaxesextraordinaryitemsnoncontrollinginterest": 118038000,
        "incometaxexpensebenefit": 27400000,
        "netincomeloss": 90597000,
        "earningspersharebasic": 1.43,
        "earningspersharediluted": 1.4,
        "weightedaveragenumberofsharesoutstandingbasic": 63563000,
        "weightedaveragenumberofdilutedsharesoutstanding": 64619000,
        "othercomprehensiveincomelosscashflowhedgegainlossbeforereclassificationaftertax": 15895000,
        "othercomprehensiveincomelosscashflowhedgegainlossreclassificationaftertax": 3476000,
        "othercomprehensiveincomelossnetoftaxportionattributabletoparent": 12419000,
        "comprehensiveincomenetoftax": 103016000
    },
    {
        "date": "2024-08-02",
        "symbol": "BURL",
        "period": "Q2",
        "revenuefromcontractwithcustomerexcludingassessedtax": 2461192000,
        "typeofrevenueextensiblelist": "http://fasb.org/us-gaap/2024#ProductMember",
        "otherincome": 4325000,
        "revenues": 2465517000,
        "costofgoodsandservicessold": 1408120000,
        "sellinggeneralandadministrativeexpense": 863981000,
        "depreciationdepletionandamortization": 86659000,
        "assetimpairmentcharges": 0,
        "othernonoperatingincomeexpense": 9492000,
        "interestincomeexpensenonoperatingnet": 25780000,
        "costsandexpenses": 2365850000,
        "incomelossfromcontinuingoperationsbeforeincometaxesextraordinaryitemsnoncontrollinginterest": 99667000,
        "incometaxexpensebenefit": 25875000,
        "netincomeloss": 73760000,
        "earningspersharebasic": 1.1600000000000001,
        "earningspersharediluted": 1.1500000000000001,
        "weightedaveragenumberofsharesoutstandingbasic": 63803000,
        "weightedaveragenumberofdilutedsharesoutstanding": 64284000,
        "othercomprehensiveincomelosscashflowhedgegainlossbeforereclassificationaftertax": -9037000,
        "othercomprehensiveincomelosscashflowhedgegainlossreclassificationaftertax": 3347000,
        "othercomprehensiveincomelossnetoftaxportionattributabletoparent": -12384000,
        "comprehensiveincomenetoftax": 61376000
    },
    {
        "date": "2024-05-03",
        "symbol": "BURL",
        "period": "Q1",
        "revenuefromcontractwithcustomerexcludingassessedtax": 2357318000,
        "typeofrevenueextensiblelist": "http://fasb.org/us-gaap/2023#ProductMember",
        "otherincome": 4235000,
        "revenues": 2361553000,
        "costofgoodsandservicessold": 1330726000,
        "sellinggeneralandadministrativeexpense": 825226000,
        "depreciationdepletionandamortization": 81965000,
        "assetimpairmentcharges": 8210000,
        "othernonoperatingincomeexpense": 10862000,
        "interestincomeexpensenonoperatingnet": -16649000,
        "costsandexpenses": 2251914000,
        "incomelossfromcontinuingoperationsbeforeincometaxesextraordinaryitemsnoncontrollinginterest": 109639000,
        "incometaxexpensebenefit": 31125000,
        "netincomeloss": 78514000,
        "earningspersharebasic": 1.23,
        "earningspersharediluted": 1.22,
        "weightedaveragenumberofsharesoutstandingbasic": 63871000,
        "weightedaveragenumberofdilutedsharesoutstanding": 64267000,
        "othercomprehensiveincomelosscashflowhedgegainlossbeforereclassificationaftertax": 7735000,
        "othercomprehensiveincomelosscashflowhedgegainlossreclassificationaftertax": 3343000,
        "othercomprehensiveincomelossnetoftaxportionattributabletoparent": 4392000,
        "comprehensiveincomenetoftax": 82906000
    },
    {
        "date": "2024-02-02",
        "symbol": "BURL",
        "period": "Q4",
        "revenuefromcontractwithcustomerexcludingassessedtax": 3121061000,
        "typeofrevenueextensiblelist": "http://fasb.org/us-gaap/2023#ProductMember",
        "otherincome": 5297000,
        "revenues": 3126358000,
        "costofgoodsandservicessold": 1788399000,
        "sellinggeneralandadministrativeexpense": 930579000,
        "depreciationdepletionandamortization": 87315000,
        "assetimpairmentcharges": 0,
        "othernonoperatingincomeexpense": 13333000,
        "interestincomeexpensenonoperatingnet": -19829000,
        "costsandexpenses": 2812789000,
        "incomelossfromcontinuingoperationsbeforeincometaxesextraordinaryitemsnoncontrollinginterest": 313569000,
        "incometaxexpensebenefit": 86111000,
        "netincomeloss": 227458000,
        "earningspersharebasic": 3.5199999999999996,
        "earningspersharediluted": 3.5,
        "weightedaveragenumberofsharesoutstandingbasic": 64672000,
        "weightedaveragenumberofdilutedsharesoutstanding": 64917000,
        "othercomprehensiveincomelosscashflowhedgegainlossbeforereclassificationaftertax": -6569000,
        "othercomprehensiveincomelosscashflowhedgegainlossreclassificationaftertax": 2284000,
        "othercomprehensiveincomelossnetoftaxportionattributabletoparent": -8853000,
        "comprehensiveincomenetoftax": 218605000
    },
    {
        "date": "2023-10-27",
        "symbol": "BURL",
        "period": "Q3",
        "revenuefromcontractwithcustomerexcludingassessedtax": 2284673000,
        "typeofrevenueextensiblelist": "http://fasb.org/us-gaap/2023#ProductMember",
        "otherincome": 4673000,
        "revenues": 2289346000,
        "costofgoodsandservicessold": 1297805000,
        "sellinggeneralandadministrativeexpense": 826823000,
        "depreciationdepletionandamortization": 76087000,
        "assetimpairmentcharges": 815000,
        "othernonoperatingincomeexpense": 12386000,
        "interestincomeexpensenonoperatingnet": -19680000,
        "costsandexpenses": 2222454000,
        "incomelossfromcontinuingoperationsbeforeincometaxesextraordinaryitemsnoncontrollinginterest": 66892000,
        "incometaxexpensebenefit": 18341000,
        "netincomeloss": 48551000,
        "earningspersharebasic": 0.75,
        "earningspersharediluted": 0.75,
        "weightedaveragenumberofsharesoutstandingbasic": 64852000,
        "weightedaveragenumberofdilutedsharesoutstanding": 65024000,
        "othercomprehensiveincomelosscashflowhedgegainlossbeforereclassificationaftertax": 7617000,
        "othercomprehensiveincomelosscashflowhedgegainlossreclassificationaftertax": 1385000,
        "othercomprehensiveincomelossnetoftaxportionattributabletoparent": 6232000,
        "comprehensiveincomenetoftax": 54783000
    },
    {
        "date": "2023-07-28",
        "symbol": "BURL",
        "period": "Q2",
        "revenuefromcontractwithcustomerexcludingassessedtax": 2170446000,
        "typeofrevenueextensiblelist": "http://fasb.org/us-gaap/2023#ProductMember",
        "otherincome": 4361000,
        "revenues": 2174807000,
        "costofgoodsandservicessold": 1266210000,
        "sellinggeneralandadministrativeexpense": 775285000,
        "depreciationdepletionandamortization": 73133000,
        "assetimpairmentcharges": 4708000,
        "othernonoperatingincomeexpense": 6165000,
        "gainslossesonextinguishmentofdebt": 0,
        "interestincomeexpensenonoperatingnet": -19545000,
        "costsandexpenses": 2132813000,
        "incomelossfromcontinuingoperationsbeforeincometaxesextraordinaryitemsnoncontrollinginterest": 41994000,
        "incometaxexpensebenefit": 11102000,
        "netincomeloss": 30892000,
        "earningspersharebasic": 0.48,
        "earningspersharediluted": 0.48,
        "weightedaveragenumberofsharesoutstandingbasic": -29000,
        "weightedaveragenumberofdilutedsharesoutstanding": -150000,
        "othercomprehensiveincomelosscashflowhedgegainlossbeforereclassificationaftertax": 8465000,
        "othercomprehensiveincomelosscashflowhedgegainlossreclassificationaftertax": 1179000,
        "othercomprehensiveincomelossnetoftaxportionattributabletoparent": 7286000,
        "comprehensiveincomenetoftax": 38178000
    },
    {
        "date": "2023-04-28",
        "symbol": "BURL",
        "period": "Q1",
        "revenuefromcontractwithcustomerexcludingassessedtax": 2132793000,
        "typeofrevenueextensiblelist": "http://fasb.org/us-gaap/2022#ProductMember",
        "otherincome": 4163000,
        "revenues": 2136956000,
        "costofgoodsandservicessold": 1231646000,
        "sellinggeneralandadministrativeexpense": 755628000,
        "depreciationdepletionandamortization": 70529000,
        "assetimpairmentcharges": 844000,
        "othernonoperatingincomeexpense": 8998000,
        "gainslossesonextinguishmentofdebt": -24644000,
        "interestincomeexpensenonoperatingnet": -19345000,
        "costsandexpenses": 2093638000,
        "incomelossfromcontinuingoperationsbeforeincometaxesextraordinaryitemsnoncontrollinginterest": 43318000,
        "incometaxexpensebenefit": 10570000,
        "netincomeloss": 32748000,
        "earningspersharebasic": 0.5,
        "earningspersharediluted": 0.5,
        "weightedaveragenumberofsharesoutstandingbasic": 64954000,
        "weightedaveragenumberofdilutedsharesoutstanding": 65291000,
        "othercomprehensiveincomelosscashflowhedgegainlossbeforereclassificationaftertax": 947000,
        "othercomprehensiveincomelosscashflowhedgegainlossreclassificationaftertax": 827000,
        "othercomprehensiveincomelossnetoftaxportionattributabletoparent": 120000,
        "comprehensiveincomenetoftax": 32868000
    },
    {
        "date": "2022-07-29",
        "symbol": "BURL",
        "period": "Q2",
        "revenuefromcontractwithcustomerexcludingassessedtax": 3909532000,
        "typeofrevenueextensiblelist": "http://fasb.org/us-gaap/2022#ProductMember",
        "otherincome": 4052000,
        "revenues": 3917633000,
        "costofgoodsandservicessold": 2348214000,
        "sellinggeneralandadministrativeexpense": 685504000,
        "depreciationdepletionandamortization": 67970000,
        "assetimpairmentcharges": 4415000,
        "othernonoperatingincomeexpense": 12607000,
        "gainslossesonextinguishmentofdebt": -29357000,
        "interestincomeexpensenonoperatingnet": -26149000,
        "costsandexpenses": 3883970000,
        "incomelossfromcontinuingoperationsbeforeincometaxesextraordinaryitemsnoncontrollinginterest": 15956000,
        "incometaxexpensebenefit": 6574000,
        "netincomeloss": 11965000,
        "earningspersharebasic": 0.19,
        "earningspersharediluted": 0.18,
        "weightedaveragenumberofsharesoutstandingbasic": -239000,
        "weightedaveragenumberofdilutedsharesoutstanding": -341000,
        "othercomprehensiveincomelosscashflowhedgegainlossbeforereclassificationaftertax": -6769000,
        "othercomprehensiveincomelosscashflowhedgegainlossreclassificationaftertax": -7763000,
        "othercomprehensiveincomelossnetoftaxportionattributabletoparent": -4690000,
        "comprehensiveincomenetoftax": 7275000
    },
    {
        "date": "2022-04-29",
        "symbol": "BURL",
        "period": "Q1",
        "revenuefromcontractwithcustomerexcludingassessedtax": 1925643000,
        "typeofrevenueextensiblelist": "http://fasb.org/us-gaap/2021-01-31#ProductMember",
        "otherincome": 4049000,
        "revenues": 1929692000,
        "costofgoodsandservicessold": 1136946000,
        "sellinggeneralandadministrativeexpense": 680327000,
        "depreciationdepletionandamortization": 66304000,
        "assetimpairmentcharges": 2543000,
        "othernonoperatingincomeexpense": 3398000,
        "gainslossesonextinguishmentofdebt": -14657000,
        "interestincomeexpensenonoperatingnet": -14606000,
        "costsandexpenses": 1911985000,
        "incomelossfromcontinuingoperationsbeforeincometaxesextraordinaryitemsnoncontrollinginterest": 17707000,
        "incometaxexpensebenefit": 1533000,
        "netincomeloss": 16174000,
        "earningspersharebasic": 0.24,
        "earningspersharediluted": 0.24,
        "weightedaveragenumberofsharesoutstandingbasic": 66281000,
        "weightedaveragenumberofdilutedsharesoutstanding": 66645000,
        "othercomprehensiveincomelosscashflowhedgegainlossbeforereclassificationaftertax": 20060000,
        "othercomprehensiveincomelosscashflowhedgegainlossreclassificationaftertax": -2842000,
        "othercomprehensiveincomelossnetoftaxportionattributabletoparent": 22902000,
        "comprehensiveincomenetoftax": 39076000
    },
    {
        "date": "2022-01-28",
        "symbol": "BURL",
        "period": "Q4",
        "revenuefromcontractwithcustomerexcludingassessedtax": 2603460000,
        "typeofrevenueextensiblelist": "http://fasb.org/us-gaap/2021-01-31#ProductMember",
        "otherincome": 5548000,
        "revenues": 2609008000,
        "costofgoodsandservicessold": 1566722000,
        "sellinggeneralandadministrativeexpense": 741623000,
        "depreciationdepletionandamortization": 66130000,
        "assetimpairmentcharges": 4513000,
        "othernonoperatingincomeexpense": -21900000,
        "interestincomeexpensenonoperatingnet": 120212000,
        "costsandexpenses": 2430682000,
        "incomelossfromcontinuingoperationsbeforeincometaxesextraordinaryitemsnoncontrollinginterest": 178326000,
        "incometaxexpensebenefit": 56690000,
        "netincomeloss": 121636000,
        "earningspersharebasic": 1.8199999999999994,
        "earningspersharediluted": 1.79,
        "weightedaveragenumberofsharesoutstandingbasic": -133185000,
        "weightedaveragenumberofdilutedsharesoutstanding": -136559000,
        "comprehensiveincomenetoftax": 130297000
    },
    {
        "date": "2021-10-29",
        "symbol": "BURL",
        "period": "Q3",
        "revenuefromcontractwithcustomerexcludingassessedtax": 2299610000,
        "typeofrevenueextensiblelist": "http://fasb.org/us-gaap/2021-01-31#ProductMember",
        "otherincome": 4431000,
        "revenues": 2304041000,
        "costofgoodsandservicessold": 1347559000,
        "sellinggeneralandadministrativeexpense": 759785000,
        "costsrelatedtodebtissuancesandamendments": 89000,
        "depreciationdepletionandamortization": 64663000,
        "assetimpairmentcharges": 1488000,
        "othernonoperatingincomeexpense": 3055000,
        "gainslossesonextinguishmentofdebt": -86362000,
        "interestincomeexpensenonoperatingnet": -15609000,
        "costsandexpenses": 2272500000,
        "incomelossfromcontinuingoperationsbeforeincometaxesextraordinaryitemsnoncontrollinginterest": 31541000,
        "incometaxexpensebenefit": 17922000,
        "netincomeloss": 13619000,
        "earningspersharebasic": 0.2,
        "earningspersharediluted": 0.2,
        "weightedaveragenumberofsharesoutstandingbasic": 66740000,
        "weightedaveragenumberofdilutedsharesoutstanding": 68205000,
        "othercomprehensiveincomeunrealizedgainlossonderivativesarisingduringperiodnetoftax": 6509000,
        "othercomprehensiveincomelossreclassificationadjustmentfromaocionderivativesnetoftax": -2984000,
        "othercomprehensiveincomelossnetoftax": 9493000,
        "comprehensiveincomenetoftax": 23112000
    },
    {
        "date": "2021-07-30",
        "symbol": "BURL",
        "period": "Q2",
        "revenuefromcontractwithcustomerexcludingassessedtax": 2212812000,
        "typeofrevenueextensiblelist": "us-gaap:ProductMember",
        "otherincome": 3099000,
        "revenues": 2215911000,
        "costofgoodsandservicessold": 1279685000,
        "sellinggeneralandadministrativeexpense": 702291000,
        "costsrelatedtodebtissuancesandamendments": 3331000,
        "depreciationdepletionandamortization": 62814000,
        "assetimpairmentcharges": 970000,
        "othernonoperatingincomeexpense": 5841000,
        "gainslossesonextinguishmentofdebt": -31395000,
        "interestincomeexpensenonoperatingnet": -17502000,
        "costsandexpenses": 2092147000,
        "incomelossfromcontinuingoperationsbeforeincometaxesextraordinaryitemsnoncontrollinginterest": 123764000,
        "incometaxexpensebenefit": 21210000,
        "netincomeloss": 102554000,
        "earningspersharebasic": 1.54,
        "earningspersharediluted": 1.5,
        "weightedaveragenumberofsharesoutstandingbasic": 66636000,
        "weightedaveragenumberofdilutedsharesoutstanding": 68448000,
        "othercomprehensiveincomeunrealizedgainlossonderivativesarisingduringperiodnetoftax": -5083000,
        "othercomprehensiveincomelossreclassificationadjustmentfromaocionderivativesnetoftax": -2519000,
        "othercomprehensiveincomelossnetoftax": -2564000,
        "comprehensiveincomenetoftax": 99990000
    },
    {
        "date": "2021-04-30",
        "symbol": "BURL",
        "period": "Q1",
        "revenuefromcontractwithcustomerexcludingassessedtax": 2190667000,
        "typeofrevenueextensiblelist": "us-gaap:ProductMember",
        "otherincome": 2629000,
        "revenues": 2193296000,
        "costofgoodsandservicessold": 1242189000,
        "sellinggeneralandadministrativeexpense": 664828000,
        "depreciationdepletionandamortization": 55610000,
        "assetimpairmentcharges": 777000,
        "othernonoperatingincomeexpense": 1374000,
        "interestincomeexpensenonoperatingnet": -19599000,
        "costsandexpenses": 1981629000,
        "incomelossfromcontinuingoperationsbeforeincometaxesextraordinaryitemsnoncontrollinginterest": 211667000,
        "incometaxexpensebenefit": 40637000,
        "netincomeloss": 171030000,
        "earningspersharebasic": 2.58,
        "earningspersharediluted": 2.51,
        "weightedaveragenumberofsharesoutstandingbasic": 66397000,
        "weightedaveragenumberofdilutedsharesoutstanding": 68032000,
        "othercomprehensiveincomeunrealizedgainlossonderivativesarisingduringperiodnetoftax": 825000,
        "othercomprehensiveincomelossreclassificationadjustmentfromaocionderivativesnetoftax": -2159000,
        "othercomprehensiveincomelossnetoftax": 2984000,
        "comprehensiveincomenetoftax": 174014000
    },
    {
        "date": "2021-01-29",
        "symbol": "BURL",
        "period": "Q4",
        "revenuefromcontractwithcustomerexcludingassessedtax": 2278935000,
        "otherincome": 3959000,
        "revenues": 2282894000,
        "costofgoodsandservicessold": 1309443000,
        "sellinggeneralandadministrativeexpense": 704964000,
        "depreciationdepletionandamortization": 56711000,
        "assetimpairmentcharges": 437000,
        "othernonoperatingincomeexpense": 4117000,
        "interestincomeexpensenonoperatingnet": -11034000,
        "costsandexpenses": 754087000,
        "incomelossfromcontinuingoperationsbeforeincometaxesextraordinaryitemsnoncontrollinginterest": 188197000,
        "incometaxexpensebenefit": 237138000,
        "netincomeloss": 155994000,
        "earningspersharebasic": 2.3800000000000003,
        "earningspersharediluted": 2.3800000000000003,
        "weightedaveragenumberofsharesoutstandingbasic": 95000,
        "weightedaveragenumberofdilutedsharesoutstanding": 95000,
        "othercomprehensiveincomeunrealizedgainlossonderivativesarisingduringperiodnetoftax": -450000,
        "othercomprehensiveincomelossreclassificationadjustmentfromaocionderivativesnetoftax": -2127000,
        "othercomprehensiveincomelossnetoftax": 1677000,
        "comprehensiveincomenetoftax": 157671000
    },
    {
        "date": "2020-10-30",
        "symbol": "BURL",
        "period": "Q3",
        "revenuefromcontractwithcustomerexcludingassessedtax": 1664729000,
        "typeofrevenueextensiblelist": "us-gaap:ProductMember",
        "otherincome": 2506000,
        "revenues": 1667235000,
        "costofgoodsandservicessold": 915847000,
        "sellinggeneralandadministrativeexpense": 645278000,
        "depreciationdepletionandamortization": 54985000,
        "assetimpairmentcharges": 2574000,
        "othernonoperatingincomeexpense": 1290000,
        "interestincomeexpensenonoperatingnet": -27456000,
        "costsandexpenses": 1644131000,
        "incomelossfromcontinuingoperationsbeforeincometaxesextraordinaryitemsnoncontrollinginterest": 23104000,
        "incometaxexpensebenefit": 15088000,
        "netincomeloss": 8016000,
        "earningspersharebasic": 0.1299999999999999,
        "earningspersharediluted": 0.1299999999999999,
        "weightedaveragenumberofsharesoutstandingbasic": 107000,
        "weightedaveragenumberofdilutedsharesoutstanding": 107000,
        "othercomprehensiveincomeunrealizedgainlossonderivativesarisingduringperiodnetoftax": 583000,
        "othercomprehensiveincomelossreclassificationadjustmentfromaocionderivativesnetoftax": -2119000,
        "othercomprehensiveincomelossnetoftax": 2702000,
        "comprehensiveincomenetoftax": 10718000
    },
    {
        "date": "2020-07-31",
        "symbol": "BURL",
        "period": "Q2",
        "revenuefromcontractwithcustomerexcludingassessedtax": 1009881000,
        "typeofrevenueextensiblelist": "us-gaap:ProductMember",
        "otherincome": 2447000,
        "revenues": 1012328000,
        "costofgoodsandservicessold": 547550000,
        "sellinggeneralandadministrativeexpense": 491598000,
        "depreciationdepletionandamortization": 54403000,
        "assetimpairmentcharges": 1077000,
        "othernonoperatingincomeexpense": 822000,
        "gainslossesonextinguishmentofdebt": 0,
        "interestincomeexpensenonoperatingnet": -44584000,
        "costsandexpenses": 2462775000,
        "incomelossfromcontinuingoperationsbeforeincometaxesextraordinaryitemsnoncontrollinginterest": -109837000,
        "incometaxexpensebenefit": -267991000,
        "netincomeloss": -46781000,
        "earningspersharebasic": -0.7000000000000002,
        "earningspersharediluted": -0.7000000000000002,
        "weightedaveragenumberofsharesoutstandingbasic": 188000,
        "weightedaveragenumberofdilutedsharesoutstanding": 188000,
        "othercomprehensiveincomeunrealizedgainlossonderivativesarisingduringperiodnetoftax": -1982000,
        "othercomprehensiveincomelossreclassificationadjustmentfromaocionderivativesnetoftax": -2049000,
        "othercomprehensiveincomelossnetoftax": 67000,
        "comprehensiveincomenetoftax": -46714000
    },
    {
        "date": "2020-05-01",
        "symbol": "BURL",
        "period": "Q1",
        "revenuefromcontractwithcustomerexcludingassessedtax": 797996000,
        "typeofrevenueextensiblelist": "us-gaap:ProductMember",
        "otherincome": 3527000,
        "revenues": 801523000,
        "costofgoodsandservicessold": 782184000,
        "sellinggeneralandadministrativeexpense": 485088000,
        "costsrelatedtodebtamendments": 4352000,
        "depreciationdepletionandamortization": 54291000,
        "assetimpairmentcharges": 1924000,
        "othernonoperatingincomeexpense": 2124000,
        "gainslossesonextinguishmentofdebt": -202000,
        "interestincomeexpensenonoperatingnet": -14693000,
        "costsandexpenses": 1340610000,
        "incomelossfromcontinuingoperationsbeforeincometaxesextraordinaryitemsnoncontrollinginterest": -539087000,
        "incometaxexpensebenefit": -205359000,
        "netincomeloss": -333728000,
        "earningspersharebasic": -5.09,
        "earningspersharediluted": -5.09,
        "weightedaveragenumberofsharesoutstandingbasic": 65572000,
        "weightedaveragenumberofdilutedsharesoutstanding": 65572000,
        "othercomprehensiveincomeunrealizedgainlossonderivativesarisingduringperiodnetoftax": -9609000,
        "othercomprehensiveincomelossreclassificationadjustmentfromaocionderivativesnetoftax": -1108000,
        "othercomprehensiveincomelossnetoftax": -8501000,
        "comprehensiveincomenetoftax": -342229000
    },
    {
        "date": "2020-01-31",
        "symbol": "BURL",
        "period": "Q4",
        "revenuefromcontractwithcustomerexcludingassessedtax": 572836000,
        "typeofrevenueextensiblelist": "us-gaap:ProductMember",
        "otherincome": 7216000,
        "revenues": 574405000,
        "costofgoodsandservicessold": 1274089000,
        "sellinggeneralandadministrativeexpense": 595316000,
        "depreciationdepletionandamortization": 55089000,
        "othernonoperatingincomeexpense": 3514000,
        "interestincomeexpensenonoperatingnet": 1243000,
        "costsandexpenses": 396933000,
        "incomelossfromcontinuingoperationsbeforeincometaxesextraordinaryitemsnoncontrollinginterest": 271432000,
        "incometaxexpensebenefit": 48841000,
        "netincomeloss": 128375000,
        "earningspersharebasic": 3.13,
        "earningspersharediluted": 3.0700000000000007,
        "weightedaveragenumberofsharesoutstandingbasic": -51000,
        "weightedaveragenumberofdilutedsharesoutstanding": -94000,
        "othercomprehensiveincomeunrealizedgainlossonderivativesarisingduringperiodnetoftax": -2109000,
        "othercomprehensiveincomelossreclassificationadjustmentfromaocionderivativesnetoftax": -794000,
        "othercomprehensiveincomelossnetoftax": -1315000,
        "comprehensiveincomenetoftax": 205010000
    },
    {
        "date": "2019-11-01",
        "symbol": "BURL",
        "period": "Q3",
        "revenuefromcontractwithcustomerexcludingassessedtax": 3403497000,
        "typeofrevenueextensiblelist": "us-gaap:ProductMember",
        "otherincome": 6633000,
        "revenues": 3415777000,
        "costofgoodsandservicessold": 1022912000,
        "sellinggeneralandadministrativeexpense": 583641000,
        "costsrelatedtodebtamendments": 0,
        "depreciationdepletionandamortization": 52729000,
        "othernonoperatingincomeexpense": 9262000,
        "interestincomeexpensenonoperatingnet": -25263000,
        "costsandexpenses": 3202402000,
        "incomelossfromcontinuingoperationsbeforeincometaxesextraordinaryitemsnoncontrollinginterest": 119415000,
        "incometaxexpensebenefit": 39222000,
        "netincomeloss": 174409000,
        "earningspersharebasic": 1.4599999999999997,
        "earningspersharediluted": 1.4300000000000002,
        "weightedaveragenumberofsharesoutstandingbasic": -66028000,
        "weightedaveragenumberofdilutedsharesoutstanding": -67617000,
        "othercomprehensiveincomeunrealizedgainlossonderivativesarisingduringperiodnetoftax": -1003000,
        "othercomprehensiveincomelossreclassificationadjustmentfromaocionderivativesnetoftax": -500000,
        "othercomprehensiveincomelossnetoftax": -503000,
        "comprehensiveincomenetoftax": 95956000
    },
    {
        "date": "2019-08-02",
        "symbol": "BURL",
        "period": "Q2",
        "revenuefromcontractwithcustomerexcludingassessedtax": 1656363000,
        "typeofrevenueextensiblelist": "us-gaap:ProductMember",
        "otherincome": 5659000,
        "revenues": 1662022000,
        "costofgoodsandservicessold": 970421000,
        "sellinggeneralandadministrativeexpense": 531843000,
        "costsrelatedtodebtamendments": 7000,
        "depreciationdepletionandamortization": 52261000,
        "othernonoperatingincomeexpense": 1663000,
        "interestincomeexpensenonoperatingnet": -13435000,
        "costsandexpenses": 1566304000,
        "incomelossfromcontinuingoperationsbeforeincometaxesextraordinaryitemsnoncontrollinginterest": 95718000,
        "incometaxexpensebenefit": 11151000,
        "netincomeloss": 84567000,
        "earningspersharebasic": 1.28,
        "earningspersharediluted": 1.26,
        "weightedaveragenumberofsharesoutstandingbasic": 65918000,
        "weightedaveragenumberofdilutedsharesoutstanding": 67274000,
        "othercomprehensiveincomeunrealizedgainlossonderivativesarisingduringperiodnetoftax": -10222000,
        "othercomprehensiveincomelossreclassificationadjustmentfromaocionderivativesnetoftax": -150000,
        "othercomprehensiveincomelossnetoftax": -10072000,
        "comprehensiveincomenetoftax": 74495000
    },
    {
        "date": "2019-05-03",
        "symbol": "BURL",
        "period": "Q1",
        "revenuefromcontractwithcustomerexcludingassessedtax": 1628547000,
        "typeofrevenueextensiblelist": "us-gaap:ProductMember",
        "otherincome": 5647000,
        "revenues": 1634194000,
        "costofgoodsandservicessold": 961318000,
        "sellinggeneralandadministrativeexpense": 517378000,
        "costsrelatedtodebtamendments": -382000,
        "depreciationdepletionandamortization": 50641000,
        "othernonoperatingincomeexpense": 2092000,
        "interestincomeexpensenonoperatingnet": -13371000,
        "costsandexpenses": 1540234000,
        "incomelossfromcontinuingoperationsbeforeincometaxesextraordinaryitemsnoncontrollinginterest": 93960000,
        "incometaxexpensebenefit": 16195000,
        "netincomeloss": 77765000,
        "earningspersharebasic": 1.18,
        "earningspersharediluted": 1.15,
        "weightedaveragenumberofsharesoutstandingbasic": 66104000,
        "weightedaveragenumberofdilutedsharesoutstanding": 67730000,
        "othercomprehensiveincomeunrealizedgainlossonderivativesarisingduringperiodnetoftax": -3272000,
        "othercomprehensiveincomelossreclassificationadjustmentfromaocionderivativesnetoftax": 185000,
        "othercomprehensiveincomelossnetoftax": -3457000,
        "comprehensiveincomenetoftax": 74308000
    },
    {
        "date": "2018-11-02",
        "symbol": "BURL",
        "period": "Q3",
        "revenuefromcontractwithcustomerexcludingassessedtax": 1634489000,
        "typeofrevenueextensiblelist": "us-gaap:ProductMember",
        "otherincome": 6469000,
        "revenues": 1640958000,
        "costofgoodsandservicessold": 942009000,
        "sellinggeneralandadministrativeexpense": 538120000,
        "costsrelatedtodebtamendments": 2418000,
        "depreciationdepletionandamortization": 53770000,
        "othernonoperatingincomeexpense": 2336000,
        "gainslossesonextinguishmentofdebt": -462000,
        "interestincomeexpensenonoperatingnet": 400000,
        "costsandexpenses": 1548903000,
        "incomelossfromcontinuingoperationsbeforeincometaxesextraordinaryitemsnoncontrollinginterest": 92055000,
        "incometaxexpensebenefit": 111000,
        "netincomeloss": 289000,
        "earningspersharebasic": 1.15,
        "earningspersharediluted": 1.12,
        "weightedaveragenumberofsharesoutstandingbasic": 66780000,
        "weightedaveragenumberofdilutedsharesoutstanding": 68628000,
        "othercomprehensiveincomeunrealizedgainlossonderivativesarisingduringperiodnetoftax": 232000,
        "othercomprehensiveincomelossreclassificationadjustmentfromaocionderivativesnetoftax": -289000,
        "othercomprehensiveincomelossnetoftax": 521000,
        "comprehensiveincomenetoftax": 77370000
    },
    {
        "date": "2018-08-03",
        "symbol": "BURL",
        "period": "Q2",
        "revenuefromcontractwithcustomerexcludingassessedtax": 1498633000,
        "typeofrevenueextensiblelist": "us-gaap:ProductMember",
        "otherincome": 6109000,
        "revenues": 1504742000,
        "costofgoodsandservicessold": 877474000,
        "sellinggeneralandadministrativeexpense": 479077000,
        "costsrelatedtodebtamendments": 79000,
        "depreciationdepletionandamortization": 56923000,
        "othernonoperatingincomeexpense": 4022000,
        "gainslossesonextinguishmentofdebt": -1361000,
        "interestincomeexpensenonoperatingnet": 498000,
        "costsandexpenses": 1425473000,
        "incomelossfromcontinuingoperationsbeforeincometaxesextraordinaryitemsnoncontrollinginterest": 79269000,
        "incometaxexpensebenefit": 138000,
        "netincomeloss": 360000,
        "earningspersharebasic": 1.06,
        "earningspersharediluted": 1.03,
        "weightedaveragenumberofsharesoutstandingbasic": 66890000,
        "weightedaveragenumberofdilutedsharesoutstanding": 68769000,
        "othercomprehensiveincomeunrealizedgainlossonderivativesarisingduringperiodnetoftax": -14000,
        "othercomprehensiveincomelossreclassificationadjustmentfromaocionderivativesnetoftax": -360000,
        "othercomprehensiveincomelossnetoftax": 346000,
        "comprehensiveincomenetoftax": 71303000
    },
    {
        "date": "2018-05-04",
        "symbol": "BURL",
        "period": "Q1",
        "revenuefromcontractwithcustomerexcludingassessedtax": 1518446000,
        "typeofrevenueextensiblelist": "us-gaap:ProductMember",
        "otherincome": 6262000,
        "revenues": 1524708000,
        "costofgoodsandservicessold": 892682000,
        "sellinggeneralandadministrativeexpense": 468348000,
        "depreciationdepletionandamortization": 50509000,
        "othernonoperatingincomeexpense": 1351000,
        "interestincomeexpensenonoperatingnet": 909000,
        "costsandexpenses": 1424709000,
        "incomelossfromcontinuingoperationsbeforeincometaxesextraordinaryitemsnoncontrollinginterest": 99999000,
        "incometaxexpensebenefit": 252000,
        "netincomeloss": 657000,
        "earningspersharebasic": 1.23,
        "earningspersharediluted": 1.2,
        "weightedaveragenumberofsharesoutstandingbasic": 66983000,
        "weightedaveragenumberofdilutedsharesoutstanding": 68970000,
        "othercomprehensiveincomeunrealizedgainlossonderivativesarisingduringperiodnetoftax": 986000,
        "othercomprehensiveincomelossreclassificationadjustmentfromaocionderivativesnetoftax": -657000,
        "othercomprehensiveincomelossnetoftax": 1643000,
        "comprehensiveincomenetoftax": 84231000
    },
    {
        "date": "2017-07-28",
        "symbol": "BURL",
        "period": "Q2",
        "salesrevenuegoodsnet": 1363224000,
        "othersalesrevenuenet": 5756000,
        "revenues": 1368980000,
        "costofgoodssold": 808126000,
        "sellinggeneralandadministrativeexpense": 437196000,
        "stockoptionplanexpense": 42000,
        "depreciationdepletionandamortization": 48700000,
        "assetimpairmentcharges": 988000,
        "othernonoperatingincomeexpense": 3680000,
        "interestincomeexpensenonoperatingnet": 1491000,
        "costsandexpenses": 1305916000,
        "incomelossfromcontinuingoperationsbeforeincometaxesextraordinaryitemsnoncontrollinginterest": 63064000,
        "incometaxexpensebenefit": 596000,
        "netincomeloss": 895000,
        "earningspersharebasic": 0.68,
        "earningspersharediluted": 0.66,
        "weightedaveragenumberofsharesoutstandingbasic": 68807000,
        "weightedaveragenumberofdilutedsharesoutstanding": 70801000,
        "othercomprehensiveincomeunrealizedgainlossonderivativesarisingduringperiodnetoftax": -642000,
        "othercomprehensiveincomelossreclassificationadjustmentfromaocionderivativesnetoftax": -895000,
        "othercomprehensiveincomelossnetoftax": 253000,
        "comprehensiveincomenetoftax": 47155000
    },
    {
        "date": "2017-04-28",
        "symbol": "BURL",
        "period": "Q1",
        "salesrevenuegoodsnet": 1346546000,
        "othersalesrevenuenet": 5673000,
        "revenues": 1352219000,
        "costofgoodssold": 796396000,
        "sellinggeneralandadministrativeexpense": 420856000,
        "stockoptionplanexpense": 63000,
        "depreciationdepletionandamortization": 48012000,
        "othernonoperatingincomeexpense": 1906000,
        "interestincomeexpensenonoperatingnet": 1411000,
        "costsandexpenses": 1276935000,
        "incomelossfromcontinuingoperationsbeforeincometaxesextraordinaryitemsnoncontrollinginterest": 75284000,
        "incometaxexpensebenefit": 561000,
        "netincomeloss": 850000,
        "earningspersharebasic": 0.76,
        "earningspersharediluted": 0.73,
        "weightedaveragenumberofsharesoutstandingbasic": 69333000,
        "weightedaveragenumberofdilutedsharesoutstanding": 71505000,
        "othercomprehensiveincomeunrealizedgainlossonderivativesarisingduringperiodnetoftax": -456000,
        "othercomprehensiveincomelossreclassificationadjustmentfromaocionderivativesnetoftax": -850000,
        "othercomprehensiveincomelossnetoftax": 394000,
        "comprehensiveincomenetoftax": 52762000
    },
    {
        "date": "2016-10-28",
        "symbol": "BURL",
        "period": "Q3",
        "salesrevenuegoodsnet": 1342599000,
        "othersalesrevenuenet": 6447000,
        "revenues": 1349046000,
        "costofgoodssold": 789859000,
        "sellinggeneralandadministrativeexpense": 451072000,
        "stockoptionplanexpense": 106000,
        "depreciationdepletionandamortization": 46472000,
        "othernonoperatingincomeexpense": 1475000,
        "interestincomeexpensenonoperatingnet": 1016000,
        "costsandexpenses": 1299194000,
        "incomelossfromcontinuingoperationsbeforeincometaxesextraordinaryitemsnoncontrollinginterest": 49852000,
        "incometaxexpensebenefit": -34346000,
        "netincomeloss": -57048000,
        "earningspersharebasic": 0.4600000000000001,
        "earningspersharediluted": 0.44999999999999996,
        "weightedaveragenumberofsharesoutstandingbasic": -205000,
        "weightedaveragenumberofdilutedsharesoutstanding": -203000,
        "othercomprehensiveincomeunrealizedgainlossonderivativesarisingduringperiodnetoftax": 239000,
        "othercomprehensiveincomelossreclassificationadjustmentfromaocionderivativesnetoftax": -442000,
        "othercomprehensiveincomelossnetoftax": 681000,
        "comprehensiveincomenetoftax": 33085000
    },
    {
        "date": "2016-07-29",
        "symbol": "BURL",
        "period": "Q2",
        "salesrevenuegoodsnet": 1255053000,
        "othersalesrevenuenet": 5663000,
        "revenues": 1260716000,
        "costofgoodssold": 757622000,
        "sellinggeneralandadministrativeexpense": 407102000,
        "stockoptionplanexpense": 178000,
        "depreciationdepletionandamortization": 44613000,
        "assetimpairmentcharges": 0,
        "othernonoperatingincomeexpense": 1717000,
        "interestincomeexpensenonoperatingnet": 261000,
        "costsandexpenses": 1228033000,
        "incomelossfromcontinuingoperationsbeforeincometaxesextraordinaryitemsnoncontrollinginterest": 32683000,
        "incometaxexpensebenefit": 12289000,
        "netincomeloss": 20394000,
        "earningspersharebasic": 0.2899999999999999,
        "earningspersharediluted": 0.28,
        "weightedaveragenumberofsharesoutstandingbasic": -204000,
        "weightedaveragenumberofdilutedsharesoutstanding": -218000,
        "othercomprehensiveincomeunrealizedgainlossonderivativesarisingduringperiodnetoftax": -2142000,
        "othercomprehensiveincomelossreclassificationadjustmentfromaocionderivativesnetoftax": -261000,
        "othercomprehensiveincomelossnetoftax": -1881000,
        "comprehensiveincomenetoftax": 18513000,
        "othercomprehensiveincomeunrealizedgainlossonderivativesarisingduringperiodtax": -1400000,
        "othercomprehensiveincomelossreclassificationadjustmentfromaocionderivativestax": 200000
    },
    {
        "date": "2016-04-29",
        "symbol": "BURL",
        "period": "Q1",
        "salesrevenuegoodsnet": 1282670000,
        "othersalesrevenuenet": 6214000,
        "revenues": 1288884000,
        "costofgoodssold": 768681000,
        "sellinggeneralandadministrativeexpense": 403385000,
        "stockoptionplanexpense": 236000,
        "depreciationdepletionandamortization": 45545000,
        "assetimpairmentcharges": 109000,
        "othernonoperatingincomeexpense": 4169000,
        "interestincomeexpensenonoperatingnet": 157000,
        "costsandexpenses": 1228739000,
        "incomelossfromcontinuingoperationsbeforeincometaxesextraordinaryitemsnoncontrollinginterest": 60145000,
        "incometaxexpensebenefit": 22631000,
        "netincomeloss": 37514000,
        "earningspersharebasic": 0.53,
        "earningspersharediluted": 0.52,
        "weightedaveragenumberofsharesoutstandingbasic": 71166000,
        "weightedaveragenumberofdilutedsharesoutstanding": 72423000,
        "othercomprehensiveincomeunrealizedgainlossonderivativesarisingduringperiodnetoftax": -1151000,
        "othercomprehensiveincomelossreclassificationadjustmentfromaocionderivativesnetoftax": -157000,
        "othercomprehensiveincomelossnetoftax": -994000,
        "comprehensiveincomenetoftax": 36520000,
        "othercomprehensiveincomeunrealizedgainlossonderivativesarisingduringperiodtax": -800000,
        "othercomprehensiveincomelossreclassificationadjustmentfromaocionderivativestax": 100000
    },
    {
        "date": "2015-10-30",
        "symbol": "BURL",
        "period": "Q3",
        "salesrevenuenet": 1230886000,
        "othersalesrevenuenet": 7783000,
        "revenues": 1238669000,
        "costofgoodssold": 741585000,
        "sellinggeneralandadministrativeexpense": 416206000,
        "debtandstockissuancecosts": 0,
        "stockoptionplanexpense": 325000,
        "depreciationdepletionandamortization": 43186000,
        "assetimpairmentcharges": 0,
        "othernonoperatingincomeexpense": 1680000,
        "interestexpensenet": 14791000,
        "costsandexpenses": 1214413000,
        "incometaxexpensebenefit": 9142000,
        "netincomeloss": 15114000,
        "earningspersharebasic": 0.2,
        "earningspersharediluted": 0.2,
        "weightedaveragenumberofsharesoutstandingbasic": -322000,
        "weightedaveragenumberofdilutedsharesoutstanding": -371000,
        "othercomprehensiveincomeunrealizedgainlossonderivativesarisingduringperiodnetoftax": -3358000,
        "comprehensiveincomenetoftax": 11811000,
        "othercomprehensiveincomeunrealizedgainlossonderivativesarisingduringperiodtax": -2300000
    },
    {
        "date": "2015-07-31",
        "symbol": "BURL",
        "period": "Q2",
        "salesrevenuenet": 1144217000,
        "othersalesrevenuenet": 7355000,
        "revenues": 1151572000,
        "costofgoodssold": 695915000,
        "sellinggeneralandadministrativeexpense": 381606000,
        "debtandstockissuancecosts": -12000,
        "stockoptionplanexpense": 335000,
        "depreciationdepletionandamortization": 41746000,
        "assetimpairmentcharges": 1743000,
        "othernonoperatingincomeexpense": 1390000,
        "gainslossesonextinguishmentofdebt": 0,
        "interestexpensenet": 14598000,
        "costsandexpenses": 1132986000,
        "incometaxexpensebenefit": 7686000,
        "netincomeloss": 10900000,
        "earningspersharebasic": 0.14999999999999997,
        "earningspersharediluted": 0.13999999999999996,
        "weightedaveragenumberofsharesoutstandingbasic": 99000,
        "weightedaveragenumberofdilutedsharesoutstanding": 5000,
        "othercomprehensiveincomeunrealizedgainlossonderivativesarisingduringperiodnetoftax": -1722000,
        "comprehensiveincomenetoftax": 9202000,
        "othercomprehensiveincomeunrealizedgainlossonderivativesarisingduringperiodtax": -1100000
    },
    {
        "date": "2015-05-01",
        "symbol": "BURL",
        "period": "Q1",
        "salesrevenuenet": 1183059000,
        "othersalesrevenuenet": 7860000,
        "revenues": 1190919000,
        "costofgoodssold": 712930000,
        "sellinggeneralandadministrativeexpense": 377679000,
        "debtandstockissuancecosts": 259000,
        "stockoptionplanexpense": 460000,
        "depreciationdepletionandamortization": 42155000,
        "assetimpairmentcharges": 160000,
        "othernonoperatingincomeexpense": 1072000,
        "gainslossesonextinguishmentofdebt": -600000,
        "interestexpensenet": 14803000,
        "costsandexpenses": 1149578000,
        "incomelossfromcontinuingoperationsbeforeincometaxesminorityinterestandincomelossfromequitymethodinvestments": 41341000,
        "incometaxexpensebenefit": 15646000,
        "netincomeloss": 25695000,
        "earningspersharebasic": 0.34,
        "earningspersharediluted": 0.34,
        "weightedaveragenumberofsharesoutstandingbasic": 74982000,
        "weightedaveragenumberofdilutedsharesoutstanding": 76501000,
        "othercomprehensiveincomeunrealizedgainlossonderivativesarisingduringperiodnetoftax": 901000,
        "comprehensiveincomenetoftax": 26596000,
        "othercomprehensiveincomeunrealizedgainlossonderivativesarisingduringperiodtax": 600000
    },
    {
        "date": "2014-10-31",
        "symbol": "BURL",
        "period": "Q3",
        "salesrevenuenet": 1157292000,
        "othersalesrevenuenet": 8816000,
        "revenues": 1166108000,
        "costofgoodssold": 698590000,
        "sellinggeneralandadministrativeexpense": 396713000,
        "debtandstockissuancecosts": 589000,
        "stockoptionplanexpense": 628000,
        "depreciationdepletionandamortization": 42584000,
        "assetimpairmentcharges": 6000,
        "othernonoperatingincomeexpense": 1705000,
        "gainslossesonextinguishmentofdebt": -70302000,
        "interestexpensenet": 16624000,
        "costsandexpenses": 1224331000,
        "incomelossfromcontinuingoperationsbeforeincometaxesminorityinterestandincomelossfromequitymethodinvestments": -58223000,
        "incometaxexpensebenefit": -24009000,
        "netincomeloss": -34214000,
        "netincomelossavailabletocommonstockholders": -34214000,
        "netincomelossavailabletocommonstockholdersbasicanddiluted": -34214000,
        "earningspersharebasicanddiluted": -0.46,
        "weightedaveragenumberofshareoutstandingbasicanddiluted": 74218000,
        "othercomprehensiveincomeunrealizedgainlossonderivativesarisingduringperiodnetoftax": -745000,
        "comprehensiveincomenetoftax": -34959000,
        "othercomprehensiveincomeunrealizedgainlossonderivativesarisingduringperiodtax": -500000
    },
    {
        "date": "2014-08-01",
        "symbol": "BURL",
        "period": "Q2",
        "salesrevenuenet": 1043581000,
        "othersalesrevenuenet": 7545000,
        "revenues": 1051126000,
        "costofgoodssold": 645027000,
        "sellinggeneralandadministrativeexpense": 350026000,
        "debtandstockissuancecosts": 917000,
        "stockoptionplanexpense": 963000,
        "depreciationdepletionandamortization": 40549000,
        "assetimpairmentcharges": 829000,
        "othernonoperatingincomeexpense": 1968000,
        "gainslossesonextinguishmentofdebt": 0,
        "interestexpensenet": 25546000,
        "costsandexpenses": 1061889000,
        "incomelossfromcontinuingoperationsbeforeincometaxesminorityinterestandincomelossfromequitymethodinvestments": -10763000,
        "incometaxexpensebenefit": -4293000,
        "netincomeloss": -6470000,
        "comprehensiveincomenetoftax": -6470000,
        "netincomelossavailabletocommonstockholders": -6470000,
        "netincomelossavailabletocommonstockholdersbasic": -6470000,
        "earningspersharebasic": -0.09,
        "netincomelossattributabletoparentdiluted": -6470000,
        "earningspersharediluted": -0.09,
        "weightedaveragenumberofsharesoutstandingbasic": 160000,
        "weightedaveragenumberofdilutedsharesoutstanding": 116000
    },
    {
        "date": "2014-05-02",
        "symbol": "BURL",
        "period": "Q1",
        "salesrevenuenet": 1128269000,
        "othersalesrevenuenet": 7589000,
        "revenues": 1135858000,
        "costofgoodssold": 698461000,
        "sellinggeneralandadministrativeexpense": 347021000,
        "debtandstockissuancecosts": 424000,
        "stockoptionplanexpense": 828000,
        "depreciationdepletionandamortization": 41208000,
        "assetimpairmentcharges": 19000,
        "othernonoperatingincomeexpense": 1896000,
        "gainslossesonextinguishmentofdebt": -3600000,
        "interestexpensenet": 26552000,
        "costsandexpenses": 1116298000,
        "incomelossfromcontinuingoperationsbeforeincometaxesminorityinterestandincomelossfromequitymethodinvestments": 19560000,
        "incometaxexpensebenefit": 7786000,
        "netincomeloss": 11774000,
        "comprehensiveincomenetoftax": 11774000,
        "netincomelossavailabletocommonstockholders": 11774000,
        "netincomelossavailabletocommonstockholdersbasic": 11774000,
        "earningspersharebasic": 0.16,
        "netincomelossattributabletoparentdiluted": 11774000,
        "earningspersharediluted": 0.16,
        "weightedaveragenumberofsharesoutstandingbasic": 73646000,
        "weightedaveragenumberofdilutedsharesoutstanding": 75469000
    }
]