[
    {
        "date": "2024-09-29",
        "symbol": "CDW",
        "period": "Q3",
        "revenuefromcontractwithcustomerexcludingassessedtax": 5516600000,
        "costofgoodsandservicessold": 4315900000,
        "grossprofit": 1200700000,
        "sellinggeneralandadministrativeexpense": 719100000,
        "operatingincomeloss": 481600000,
        "interestincomeexpensenonoperatingnet": -54400000,
        "othernonoperatingincomeexpense": 400000,
        "incomelossfromcontinuingoperationsbeforeincometaxesextraordinaryitemsnoncontrollinginterest": 427600000,
        "incometaxexpensebenefit": 111000000,
        "netincomeloss": 316400000,
        "earningspersharebasic": 2.37,
        "earningspersharediluted": 2.34,
        "weightedaveragenumberofsharesoutstandingbasic": 133500000,
        "weightedaveragenumberofdilutedsharesoutstanding": 134900000,
        "othercomprehensiveincomelosscashflowhedgegainlossbeforereclassificationaftertax": -7600000,
        "othercomprehensiveincomelosscashflowhedgegainlossreclassificationaftertax": -100000,
        "othercomprehensiveincomeforeigncurrencytransactionandtranslationadjustmentnetoftaxportionattributabletoparent": 34200000,
        "othercomprehensiveincomelossnetoftaxportionattributabletoparent": 26700000,
        "comprehensiveincomenetoftax": 343100000
    },
    {
        "date": "2024-06-29",
        "symbol": "CDW",
        "period": "Q2",
        "revenuefromcontractwithcustomerexcludingassessedtax": 5423400000,
        "costofgoodsandservicessold": 4240300000,
        "grossprofit": 1183100000,
        "sellinggeneralandadministrativeexpense": 750000000,
        "operatingincomeloss": 433100000,
        "interestincomeexpensenet": -52300000,
        "othernonoperatingincomeexpense": -1100000,
        "incomelossfromcontinuingoperationsbeforeincometaxesextraordinaryitemsnoncontrollinginterest": 379700000,
        "incometaxexpensebenefit": 98600000,
        "netincomeloss": 281100000,
        "earningspersharebasic": 2.1,
        "earningspersharediluted": 2.07,
        "weightedaveragenumberofsharesoutstandingbasic": 134100000,
        "weightedaveragenumberofdilutedsharesoutstanding": 135600000,
        "othercomprehensiveincomelosscashflowhedgegainlossbeforereclassificationaftertax": 100000,
        "othercomprehensiveincomeforeigncurrencytransactionandtranslationadjustmentnetoftaxportionattributabletoparent": -1700000,
        "othercomprehensiveincomelossnetoftaxportionattributabletoparent": -1600000,
        "comprehensiveincomenetoftax": 279500000
    },
    {
        "date": "2024-03-30",
        "symbol": "CDW",
        "period": "Q1",
        "revenuefromcontractwithcustomerexcludingassessedtax": 4872700000,
        "costofgoodsandservicessold": 3809400000,
        "grossprofit": 1063300000,
        "sellinggeneralandadministrativeexpense": 735300000,
        "operatingincomeloss": 328000000,
        "interestincomeexpensenet": -51300000,
        "othernonoperatingincomeexpense": -100000,
        "incomelossfromcontinuingoperationsbeforeincometaxesextraordinaryitemsnoncontrollinginterest": 276600000,
        "incometaxexpensebenefit": 60500000,
        "netincomeloss": 216100000,
        "earningspersharebasic": 1.61,
        "earningspersharediluted": 1.59,
        "weightedaveragenumberofsharesoutstandingbasic": 134400000,
        "weightedaveragenumberofdilutedsharesoutstanding": 136000000,
        "othercomprehensiveincomelosscashflowhedgegainlossbeforereclassificationaftertax": 1800000,
        "othercomprehensiveincomelossforeigncurrencytransactionandtranslationadjustmentnetoftaxportionattributabletoparent1": -10600000,
        "othercomprehensiveincomelossnetoftaxportionattributabletoparent": -8800000,
        "comprehensiveincomenetoftax": 207300000
    },
    {
        "date": "2023-12-30",
        "symbol": "CDW",
        "period": "Q4",
        "revenuefromcontractwithcustomerexcludingassessedtax": 14475900000,
        "costofgoodsandservicessold": 3864700000,
        "grossprofit": 1153800000,
        "sellinggeneralandadministrativeexpense": 718800000,
        "operatingincomeloss": 1325400000,
        "interestincomeexpensenet": -53300000,
        "othernonoperatingincomeexpense": -1000000,
        "incomelossfromcontinuingoperationsbeforeincometaxesextraordinaryitemsnoncontrollinginterest": 380700000,
        "incometaxexpensebenefit": 84600000,
        "netincomeloss": 296100000,
        "earningspersharebasic": 2.1999999999999993,
        "earningspersharediluted": 2.1799999999999997,
        "weightedaveragenumberofsharesoutstandingbasic": 134600000,
        "weightedaveragenumberofdilutedsharesoutstanding": 136300000,
        "othercomprehensiveincomelossforeigncurrencytransactionandtranslationadjustmentnetoftaxportionattributabletoparent1": 28000000,
        "othercomprehensiveincomelossnetoftaxportionattributabletoparent": 24900000,
        "comprehensiveincomenetoftax": 321000000
    },
    {
        "date": "2023-09-29",
        "symbol": "CDW",
        "period": "Q3",
        "revenuefromcontractwithcustomerexcludingassessedtax": 5628300000,
        "costofgoodsandservicessold": 4400600000,
        "grossprofit": 1227700000,
        "sellinggeneralandadministrativeexpense": 749300000,
        "operatingincomeloss": 478400000,
        "interestincomeexpensenet": -57400000,
        "othernonoperatingincomeexpense": -1200000,
        "incomelossfromcontinuingoperationsbeforeincometaxesextraordinaryitemsnoncontrollinginterest": 419800000,
        "incometaxexpensebenefit": 104300000,
        "netincomeloss": 315500000,
        "earningspersharebasic": 2.35,
        "earningspersharediluted": 2.32,
        "weightedaveragenumberofsharesoutstandingbasic": 134100000,
        "weightedaveragenumberofdilutedsharesoutstanding": 135900000,
        "othercomprehensiveincomelosscashflowhedgegainlossbeforereclassificationaftertax": 1200000,
        "othercomprehensiveincomelossforeigncurrencytransactionandtranslationadjustmentnetoftaxportionattributabletoparent1": -25900000,
        "othercomprehensiveincomelossnetoftaxportionattributabletoparent": -24700000,
        "comprehensiveincomenetoftax": 290800000
    },
    {
        "date": "2023-06-29",
        "symbol": "CDW",
        "period": "Q2",
        "revenuefromcontractwithcustomerexcludingassessedtax": 668500000,
        "costofgoodsandservicessold": 4444600000,
        "grossprofit": 1181500000,
        "sellinggeneralandadministrativeexpense": 769300000,
        "operatingincomeloss": -79400000,
        "interestincomeexpensenet": -58200000,
        "othernonoperatingincomeexpense": -600000,
        "incomelossfromcontinuingoperationsbeforeincometaxesextraordinaryitemsnoncontrollinginterest": 353400000,
        "incometaxexpensebenefit": 90800000,
        "netincomeloss": 262600000.00000003,
        "earningspersharebasic": 1.95,
        "earningspersharediluted": 1.92,
        "weightedaveragenumberofsharesoutstandingbasic": 134600000,
        "weightedaveragenumberofdilutedsharesoutstanding": 136100000,
        "othercomprehensiveincomelossforeigncurrencytransactionandtranslationadjustmentnetoftaxportionattributabletoparent1": 18000000,
        "othercomprehensiveincomelossnetoftaxportionattributabletoparent": 18000000,
        "comprehensiveincomenetoftax": 280600000
    },
    {
        "date": "2023-03-30",
        "symbol": "CDW",
        "period": "Q1",
        "revenuefromcontractwithcustomerexcludingassessedtax": 603300000,
        "costofgoodsandservicessold": 4013700000,
        "grossprofit": 1089400000,
        "sellinggeneralandadministrativeexpense": 734100000,
        "operatingincomeloss": -43500000,
        "interestincomeexpensenet": -57700000,
        "othernonoperatingincomeexpense": -1300000,
        "incomelossfromcontinuingoperationsbeforeincometaxesextraordinaryitemsnoncontrollinginterest": 296300000,
        "incometaxexpensebenefit": 66200000,
        "netincomeloss": 230100000,
        "earningspersharebasic": 1.7,
        "earningspersharediluted": 1.68,
        "weightedaveragenumberofsharesoutstandingbasic": 135600000,
        "weightedaveragenumberofdilutedsharesoutstanding": 137300000,
        "othercomprehensiveincomelossforeigncurrencytransactionandtranslationadjustmentnetoftaxportionattributabletoparent1": 9600000,
        "othercomprehensiveincomelossnetoftaxportionattributabletoparent": 9600000,
        "comprehensiveincomenetoftax": 239700000
    },
    {
        "date": "2022-12-30",
        "symbol": "CDW",
        "period": "Q4",
        "revenuefromcontractwithcustomerexcludingassessedtax": 20043900000,
        "costofgoodsandservicessold": 4257200000,
        "grossprofit": 1181100000,
        "sellinggeneralandadministrativeexpense": 734500000,
        "operatingincomeloss": 1881600000,
        "interestincomeexpensenet": -59400000,
        "othernonoperatingincomeexpense": -6000000,
        "incomelossfromcontinuingoperationsbeforeincometaxesextraordinaryitemsnoncontrollinginterest": 381200000,
        "incometaxexpensebenefit": 94000000,
        "netincomeloss": 287200000,
        "earningspersharebasic": 2.12,
        "earningspersharediluted": 2.0900000000000007,
        "weightedaveragenumberofsharesoutstandingbasic": -270200000,
        "weightedaveragenumberofdilutedsharesoutstanding": -273600000,
        "othercomprehensiveincomelosscashflowhedgegainlossbeforereclassificationaftertax": 2000000,
        "othercomprehensiveincomelosscashflowhedgegainlossreclassificationaftertax": -1000000,
        "othercomprehensiveincomeforeigncurrencytransactionandtranslationadjustmentnetoftaxportionattributabletoparent": 36400000,
        "othercomprehensiveincomelossnetoftaxportionattributabletoparent": 35200000,
        "comprehensiveincomenetoftax": 322400000
    },
    {
        "date": "2022-09-29",
        "symbol": "CDW",
        "period": "Q3",
        "revenuefromcontractwithcustomerexcludingassessedtax": 1346900000,
        "costofgoodsandservicessold": 4982300000,
        "grossprofit": 1233200000,
        "sellinggeneralandadministrativeexpense": 766800000,
        "operatingincomeloss": -50200000,
        "interestincomeexpensenet": -62600000,
        "othernonoperatingincomeexpense": -4800000,
        "incomelossfromcontinuingoperationsbeforeincometaxesextraordinaryitemsnoncontrollinginterest": 399000000,
        "incometaxexpensebenefit": 101200000,
        "netincomeloss": 297800000,
        "earningspersharebasic": 2.2,
        "earningspersharediluted": 2.17,
        "weightedaveragenumberofsharesoutstandingbasic": 135300000,
        "weightedaveragenumberofdilutedsharesoutstanding": 137100000,
        "othercomprehensiveincomelosscashflowhedgegainlossbeforereclassificationaftertax": -700000,
        "othercomprehensiveincomelosscashflowhedgegainlossreclassificationaftertax": -1000000,
        "othercomprehensiveincomeforeigncurrencytransactionandtranslationadjustmentnetoftaxportionattributabletoparent": -50000000,
        "othercomprehensiveincomelossnetoftaxportionattributabletoparent": -48300000,
        "comprehensiveincomenetoftax": 249500000
    },
    {
        "date": "2022-06-29",
        "symbol": "CDW",
        "period": "Q2",
        "revenuefromcontractwithcustomerexcludingassessedtax": 1053099999.9999999,
        "costofgoodsandservicessold": 4977600000,
        "grossprofit": 1168200000,
        "sellinggeneralandadministrativeexpense": 732900000,
        "operatingincomeloss": -47900000,
        "interestincomeexpensenet": -57700000,
        "othernonoperatingincomeexpense": -400000,
        "incomelossfromcontinuingoperationsbeforeincometaxesextraordinaryitemsnoncontrollinginterest": 377200000,
        "incometaxexpensebenefit": 97900000,
        "netincomeloss": 279300000,
        "earningspersharebasic": 2.07,
        "earningspersharediluted": 2.04,
        "weightedaveragenumberofsharesoutstandingbasic": 135200000,
        "weightedaveragenumberofdilutedsharesoutstanding": 136800000,
        "othercomprehensiveincomelosscashflowhedgegainlossbeforereclassificationaftertax": -1000000,
        "othercomprehensiveincomelosscashflowhedgegainlossreclassificationaftertax": -800000,
        "othercomprehensiveincomeforeigncurrencytransactionandtranslationadjustmentnetoftaxportionattributabletoparent": -38000000,
        "othercomprehensiveincomelossnetoftaxportionattributabletoparent": -36200000,
        "comprehensiveincomenetoftax": 243100000
    },
    {
        "date": "2022-03-30",
        "symbol": "CDW",
        "period": "Q1",
        "revenuefromcontractwithcustomerexcludingassessedtax": 1304800000,
        "costofgoodsandservicessold": 4845000000,
        "grossprofit": 1104100000,
        "sellinggeneralandadministrativeexpense": 717200000,
        "operatingincomeloss": -48300000,
        "interestincomeexpensenet": -56000000,
        "othernonoperatingincomeexpense": -500000,
        "incomelossfromcontinuingoperationsbeforeincometaxesextraordinaryitemsnoncontrollinginterest": 330400000,
        "incometaxexpensebenefit": 80200000,
        "netincomeloss": 250200000,
        "earningspersharebasic": 1.85,
        "earningspersharediluted": 1.83,
        "weightedaveragenumberofsharesoutstandingbasic": 134900000,
        "weightedaveragenumberofdilutedsharesoutstanding": 136700000,
        "othercomprehensiveincomelosscashflowhedgegainlossbeforereclassificationaftertax": -400000,
        "othercomprehensiveincomelosscashflowhedgegainlossreclassificationaftertax": -800000,
        "othercomprehensiveincomeforeigncurrencytransactionandtranslationadjustmentnetoftaxportionattributabletoparent": -9900000,
        "othercomprehensiveincomelossnetoftaxportionattributabletoparent": -8700000,
        "comprehensiveincomenetoftax": 241500000
    },
    {
        "date": "2021-12-30",
        "symbol": "CDW",
        "period": "Q4",
        "revenuefromcontractwithcustomerexcludingassessedtax": 1054100000,
        "costofgoodsandservicessold": 4561300000,
        "grossprofit": 975600000,
        "sellinggeneralandadministrativeexpense": 636300000,
        "operatingincomeloss": -55400000,
        "interestincomeexpensenet": -43400000,
        "othernonoperatingincomeexpense": -8600000,
        "incomelossfromcontinuingoperationsbeforeincometaxesextraordinaryitemsnoncontrollinginterest": 287300000,
        "incometaxexpensebenefit": 72000000,
        "netincomeloss": -764300000,
        "earningspersharebasic": 1.5899999999999994,
        "earningspersharediluted": 1.5700000000000003,
        "weightedaveragenumberofsharesoutstandingbasic": -279700000,
        "weightedaveragenumberofdilutedsharesoutstanding": -283700000,
        "othercomprehensiveincomelosscashflowhedgegainlossreclassificationaftertax": -800000,
        "othercomprehensiveincomeforeigncurrencytransactionandtranslationadjustmentnetoftaxportionattributabletoparent": 2300000,
        "othercomprehensiveincomelossnetoftaxportionattributabletoparent": 3100000,
        "comprehensiveincomenetoftax": 218400000
    },
    {
        "date": "2021-09-29",
        "symbol": "CDW",
        "period": "Q3",
        "revenuefromcontractwithcustomerexcludingassessedtax": 1152200000,
        "costofgoodsandservicessold": 4385100000,
        "grossprofit": 914900000,
        "sellinggeneralandadministrativeexpense": 528500000,
        "operatingincomeloss": -41600000,
        "interestincomeexpensenet": -36400000,
        "othernonoperatingincomeexpense": 400000,
        "incomelossfromcontinuingoperationsbeforeincometaxesextraordinaryitemsnoncontrollinginterest": 350400000,
        "incometaxexpensebenefit": 83800000,
        "netincomeloss": 266600000.00000003,
        "earningspersharebasic": 1.94,
        "earningspersharediluted": 1.91,
        "weightedaveragenumberofsharesoutstandingbasic": 137300000,
        "weightedaveragenumberofdilutedsharesoutstanding": 139400000,
        "othercomprehensiveincomelosscashflowhedgegainlossreclassificationaftertax": -700000,
        "othercomprehensiveincomeforeigncurrencytransactionandtranslationadjustmentnetoftaxportionattributabletoparent": -15000000,
        "othercomprehensiveincomelossnetoftaxportionattributabletoparent": -14300000,
        "comprehensiveincomenetoftax": 252300000
    },
    {
        "date": "2021-06-29",
        "symbol": "CDW",
        "period": "Q2",
        "revenuefromcontractwithcustomerexcludingassessedtax": 1085000000,
        "costofgoodsandservicessold": 4263600000.0000005,
        "grossprofit": 882800000,
        "sellinggeneralandadministrativeexpense": 512900000,
        "operatingincomeloss": -26300000,
        "interestincomeexpensenet": -35500000,
        "othernonoperatingincomeexpense": 36800000,
        "incomelossfromcontinuingoperationsbeforeincometaxesextraordinaryitemsnoncontrollinginterest": 371200000,
        "incometaxexpensebenefit": 97100000,
        "netincomeloss": 274100000,
        "earningspersharebasic": 1.96,
        "earningspersharediluted": 1.93,
        "weightedaveragenumberofsharesoutstandingbasic": 139800000,
        "weightedaveragenumberofdilutedsharesoutstanding": 141700000,
        "othercomprehensiveincomelosscashflowhedgegainlossreclassificationaftertax": -600000,
        "othercomprehensiveincomeforeigncurrencytransactionandtranslationadjustmentnetoftaxportionattributabletoparent": 5300000,
        "othercomprehensiveincomelossnetoftaxportionattributabletoparent": 5900000,
        "comprehensiveincomenetoftax": 280000000
    },
    {
        "date": "2021-03-30",
        "symbol": "CDW",
        "period": "Q1",
        "revenuefromcontractwithcustomerexcludingassessedtax": 1067300000,
        "costofgoodsandservicessold": 4042300000,
        "grossprofit": 795200000,
        "sellinggeneralandadministrativeexpense": 471800000,
        "operatingincomeloss": -45200000,
        "interestincomeexpensenet": -35600000,
        "othernonoperatingincomeexpense": 1100000,
        "incomelossfromcontinuingoperationsbeforeincometaxesextraordinaryitemsnoncontrollinginterest": 288900000,
        "incometaxexpensebenefit": 56300000,
        "netincomeloss": 232600000,
        "earningspersharebasic": 1.65,
        "earningspersharediluted": 1.63,
        "weightedaveragenumberofsharesoutstandingbasic": 141100000,
        "weightedaveragenumberofdilutedsharesoutstanding": 143100000,
        "othercomprehensiveincomelosscashflowhedgegainlossreclassificationaftertax": -400000,
        "othercomprehensiveincomeforeigncurrencytransactionandtranslationadjustmentnetoftaxportionattributabletoparent": 6300000,
        "othercomprehensiveincomelossnetoftaxportionattributabletoparent": 6700000,
        "comprehensiveincomenetoftax": 239300000
    },
    {
        "date": "2020-12-30",
        "symbol": "CDW",
        "period": "Q4",
        "revenuefromcontractwithcustomerexcludingassessedtax": 15504700000,
        "costofgoodsandservicessold": 4075300000,
        "grossprofit": 880900000,
        "sellinggeneralandadministrativeexpense": 548700000,
        "operatingincomeloss": 1302000000,
        "interestincomeexpensenet": -37100000,
        "othernonoperatingincomeexpense": -100000,
        "incomelossfromcontinuingoperationsbeforeincometaxesextraordinaryitemsnoncontrollinginterest": 295000000,
        "incometaxexpensebenefit": 56700000,
        "netincomeloss": 238300000,
        "earningspersharebasic": 1.6699999999999997,
        "earningspersharediluted": 1.6499999999999997,
        "weightedaveragenumberofsharesoutstandingbasic": -142600000,
        "weightedaveragenumberofdilutedsharesoutstanding": -144600000,
        "othercomprehensiveincomelosscashflowhedgegainlossbeforereclassificationaftertax": -1200000,
        "othercomprehensiveincomelosscashflowhedgegainlossreclassificationaftertax": -1900000,
        "othercomprehensiveincomeforeigncurrencytransactionandtranslationadjustmentnetoftaxportionattributabletoparent": 33000000,
        "othercomprehensiveincomelossnetoftaxportionattributabletoparent": 34900000,
        "comprehensiveincomenetoftax": 273200000
    },
    {
        "date": "2020-09-29",
        "symbol": "CDW",
        "period": "Q3",
        "revenuefromcontractwithcustomerexcludingassessedtax": 1070800000,
        "costofgoodsandservicessold": 3930900000,
        "grossprofit": 825500000,
        "sellinggeneralandadministrativeexpense": 507700000,
        "operatingincomeloss": -49800000,
        "interestincomeexpensenet": -40200000,
        "othernonoperatingincomeexpense": -27500000,
        "incomelossfromcontinuingoperationsbeforeincometaxesextraordinaryitemsnoncontrollinginterest": 250100000,
        "incometaxexpensebenefit": 56900000,
        "netincomeloss": 193200000,
        "earningspersharebasic": 1.36,
        "earningspersharediluted": 1.33,
        "weightedaveragenumberofsharesoutstandingbasic": 142700000,
        "weightedaveragenumberofdilutedsharesoutstanding": 144800000,
        "othercomprehensiveincomelosscashflowhedgegainlossbeforereclassificationaftertax": 400000,
        "othercomprehensiveincomelosscashflowhedgegainlossreclassificationaftertax": -1600000,
        "othercomprehensiveincomeforeigncurrencytransactionandtranslationadjustmentnetoftaxportionattributabletoparent": 19700000,
        "othercomprehensiveincomelossnetoftaxportionattributabletoparent": 20900000,
        "comprehensiveincomenetoftax": 214100000
    },
    {
        "date": "2020-06-29",
        "symbol": "CDW",
        "period": "Q2",
        "netincomeloss": 189100000,
        "othercomprehensiveincomelosscashflowhedgegainlossbeforereclassificationaftertax": 400000,
        "othercomprehensiveincomelosscashflowhedgegainlossreclassificationaftertax": -3600000,
        "othercomprehensiveincomeforeigncurrencytransactionandtranslationadjustmentnetoftaxportionattributabletoparent": 6300000,
        "othercomprehensiveincomelossnetoftaxportionattributabletoparent": 7700000,
        "comprehensiveincomenetoftax": 196800000,
        "revenuefromcontractwithcustomerexcludingassessedtax": 942300000,
        "costofgoodsandservicessold": 3618500000,
        "grossprofit": 747200000,
        "sellinggeneralandadministrativeexpense": 463800000,
        "operatingincomeloss": -37000000,
        "interestincomeexpensenet": -39700000,
        "othernonoperatingincomeexpense": 1700000,
        "incomelossfromcontinuingoperationsbeforeincometaxesextraordinaryitemsnoncontrollinginterest": 245400000,
        "incometaxexpensebenefit": 56300000,
        "earningspersharebasic": 1.32,
        "earningspersharediluted": 1.3100000000000003,
        "weightedaveragenumberofsharesoutstandingbasic": -200000,
        "weightedaveragenumberofdilutedsharesoutstanding": -300000
    },
    {
        "date": "2020-03-30",
        "symbol": "CDW",
        "period": "Q1",
        "netincomeloss": 167900000,
        "othercomprehensiveincomelosscashflowhedgegainlossbeforereclassificationaftertax": -200000,
        "othercomprehensiveincomelosscashflowhedgegainlossreclassificationaftertax": 1100000,
        "othercomprehensiveincomeforeigncurrencytransactionandtranslationadjustmentnetoftaxportionattributabletoparent": -42400000,
        "othercomprehensiveincomelossnetoftaxportionattributabletoparent": -41500000,
        "comprehensiveincomenetoftax": 126400000,
        "revenuefromcontractwithcustomerexcludingassessedtax": 949700000,
        "costofgoodsandservicessold": 3632700000,
        "grossprofit": 756500000,
        "sellinggeneralandadministrativeexpense": 510700000,
        "operatingincomeloss": -36000000,
        "interestincomeexpensenet": -37900000,
        "othernonoperatingincomeexpense": 3900000,
        "incomelossfromcontinuingoperationsbeforeincometaxesextraordinaryitemsnoncontrollinginterest": 211800000,
        "incometaxexpensebenefit": 43900000,
        "earningspersharebasic": 1.18,
        "earningspersharediluted": 1.16,
        "weightedaveragenumberofsharesoutstandingbasic": 142700000,
        "weightedaveragenumberofdilutedsharesoutstanding": 144900000
    },
    {
        "date": "2019-12-30",
        "symbol": "CDW",
        "period": "Q4",
        "netincomeloss": 688000000,
        "othercomprehensiveincomelosscashflowhedgegainlossbeforereclassificationaftertax": 1500000.000000001,
        "othercomprehensiveincomelosscashflowhedgegainlossreclassificationaftertax": 300000,
        "othercomprehensiveincomeforeigncurrencytransactionandtranslationadjustmentnetoftaxportionattributabletoparent": 35100000,
        "othercomprehensiveincomelossnetoftaxportionattributabletoparent": 36300000,
        "comprehensiveincomenetoftax": 740400000,
        "revenuefromcontractwithcustomerexcludingassessedtax": 7959400000,
        "costofgoodsandservicessold": 6600200000,
        "grossprofit": 1359200000,
        "sellinggeneralandadministrativeexpense": 785100000,
        "advertisingexpense": 87000000,
        "operatingincomeloss": 487100000,
        "interestincomeexpensenet": -76200000,
        "othernonoperatingincomeexpense": -7800000,
        "incomelossfromcontinuingoperationsbeforeincometaxesextraordinaryitemsnoncontrollinginterest": 403100000,
        "incometaxexpensebenefit": 83500000,
        "earningspersharebasic": 1.3000000000000003,
        "earningspersharediluted": 1.27,
        "weightedaveragenumberofsharesoutstandingbasic": -292100000,
        "weightedaveragenumberofdilutedsharesoutstanding": -296900000
    },
    {
        "date": "2019-09-29",
        "symbol": "CDW",
        "period": "Q3",
        "netincomeloss": 201700000,
        "othercomprehensiveincomelosscashflowhedgegainlossbeforereclassificationaftertax": -400000,
        "othercomprehensiveincomelosscashflowhedgegainlossreclassificationaftertax": -300000,
        "othercomprehensiveincomeforeigncurrencytransactionandtranslationadjustmentnetoftaxportionattributabletoparent": -14600000,
        "othercomprehensiveincomelossnetoftaxportionattributabletoparent": -14700000,
        "comprehensiveincomenetoftax": 187000000,
        "revenuefromcontractwithcustomerexcludingassessedtax": 4907700000,
        "costofgoodsandservicessold": 4091200000,
        "grossprofit": 816500000,
        "sellinggeneralandadministrativeexpense": 444900000,
        "advertisingexpense": 51000000,
        "operatingincomeloss": 320600000,
        "interestincomeexpensenet": -42300000,
        "othernonoperatingincomeexpense": -17400000,
        "incomelossfromcontinuingoperationsbeforeincometaxesextraordinaryitemsnoncontrollinginterest": 260900000,
        "incometaxexpensebenefit": 59200000,
        "earningspersharebasic": 1.39,
        "earningspersharediluted": 1.37,
        "weightedaveragenumberofsharesoutstandingbasic": 144500000,
        "weightedaveragenumberofdilutedsharesoutstanding": 147200000
    },
    {
        "date": "2019-06-29",
        "symbol": "CDW",
        "period": "Q2",
        "netincomeloss": 196600000,
        "othercomprehensiveincomelosscashflowhedgegainlossbeforereclassificationaftertax": -4100000,
        "othercomprehensiveincomelosscashflowhedgegainlossreclassificationaftertax": -200000,
        "othercomprehensiveincomeforeigncurrencytransactionandtranslationadjustmentnetoftaxportionattributabletoparent": -8000000,
        "othercomprehensiveincomelossnetoftaxportionattributabletoparent": -11900000,
        "comprehensiveincomenetoftax": 184700000,
        "revenuefromcontractwithcustomerexcludingassessedtax": 4629900000,
        "costofgoodsandservicessold": 3856100000,
        "grossprofit": 773800000,
        "sellinggeneralandadministrativeexpense": 420400000,
        "advertisingexpense": 53100000,
        "operatingincomeloss": 300300000,
        "interestincomeexpensenet": -40500000,
        "othernonoperatingincomeexpense": 1400000,
        "incomelossfromcontinuingoperationsbeforeincometaxesextraordinaryitemsnoncontrollinginterest": 261200000,
        "incometaxexpensebenefit": 64600000,
        "earningspersharebasic": 1.35,
        "earningspersharediluted": 1.33,
        "weightedaveragenumberofsharesoutstandingbasic": 145700000,
        "weightedaveragenumberofdilutedsharesoutstanding": 148300000
    },
    {
        "date": "2019-03-30",
        "symbol": "CDW",
        "period": "Q1",
        "netincomeloss": -349500000,
        "othercomprehensiveincomelosscashflowhedgegainlossbeforereclassificationaftertax": -8300000.000000001,
        "othercomprehensiveincomelosscashflowhedgegainlossreclassificationaftertax": -1500000,
        "othercomprehensiveincomeforeigncurrencytransactionandtranslationadjustmentnetoftaxportionattributabletoparent": 9900000,
        "othercomprehensiveincomelossnetoftaxportionattributabletoparent": 3100000,
        "comprehensiveincomenetoftax": -362500000,
        "revenuefromcontractwithcustomerexcludingassessedtax": 535400000,
        "costofgoodsandservicessold": 445000000,
        "grossprofit": 90400000,
        "sellinggeneralandadministrativeexpense": 62700000,
        "advertisingexpense": 2100000,
        "operatingincomeloss": 25600000,
        "interestincomeexpensenet": -400000,
        "othernonoperatingincomeexpense": -700000,
        "incomelossfromcontinuingoperationsbeforeincometaxesextraordinaryitemsnoncontrollinginterest": 24500000,
        "incometaxexpensebenefit": 5600000,
        "earningspersharebasic": 1.04,
        "earningspersharediluted": 1.02,
        "weightedaveragenumberofsharesoutstandingbasic": 147000000,
        "weightedaveragenumberofdilutedsharesoutstanding": 149200000
    },
    {
        "date": "2018-12-30",
        "symbol": "CDW",
        "period": "Q4",
        "netincomeloss": 159300000,
        "othercomprehensiveincomelossderivativesqualifyingashedgesnetoftax": -11500000,
        "othercomprehensiveincomeforeigncurrencytransactionandtranslationadjustmentnetoftaxportionattributabletoparent": -14800000,
        "othercomprehensiveincomelossnetoftaxportionattributabletoparent": -22400000,
        "comprehensiveincomenetoftax": 136900000,
        "revenuefromcontractwithcustomerexcludingassessedtax": 4074800000,
        "costofgoodsandservicessold": 3381000000,
        "grossprofit": 693800000,
        "sellinggeneralandadministrativeexpense": 402300000,
        "advertisingexpense": 48600000,
        "operatingincomeloss": 242900000,
        "interestincomeexpensenet": -37100000,
        "othernonoperatingincomeexpense": 800000,
        "incomelossfromcontinuingoperationsbeforeincometaxesextraordinaryitemsnoncontrollinginterest": 206600000,
        "incometaxexpensebenefit": 47300000,
        "earningspersharebasic": 1.0700000000000003,
        "earningspersharediluted": 1.0500000000000003,
        "weightedaveragenumberofsharesoutstandingbasic": -700000,
        "weightedaveragenumberofdilutedsharesoutstanding": -500000,
        "commonstockdividendspersharecashpaid": 0.29500000000000004
    },
    {
        "date": "2018-09-29",
        "symbol": "CDW",
        "period": "Q3",
        "netincomeloss": 754500000,
        "othercomprehensiveincomeforeigncurrencytransactionandtranslationadjustmentnetoftaxportionattributabletoparent": -3200000,
        "othercomprehensiveincomelossderivativesqualifyingashedgesnetoftax": 100000,
        "othercomprehensiveincomelossnetoftaxportionattributabletoparent": -3100000,
        "comprehensiveincomenetoftax": 1150300000,
        "othercomprehensiveincomelossforeigncurrencytranslationadjustmenttax": 100000,
        "othercomprehensiveincomelossderivativesqualifyingashedgestax": 100000,
        "revenuefromcontractwithcustomerexcludingassessedtax": 11552100000,
        "costofgoodsandservicessold": 9339600000,
        "grossprofit": 1855700000,
        "sellinggeneralandadministrativeexpense": 1065200000,
        "advertisingexpense": 130500000,
        "operatingincomeloss": 757200000,
        "interestincomeexpensenet": -37700000,
        "othernonoperatingincomeexpense": 700000,
        "incomelossfromcontinuingoperationsbeforeincometaxesextraordinaryitemsnoncontrollinginterest": 777300000,
        "incometaxexpensebenefit": 191200000,
        "earningspersharebasic": 1.2199999999999998,
        "earningspersharediluted": 1.2000000000000002,
        "weightedaveragenumberofsharesoutstandingbasic": -152200000,
        "weightedaveragenumberofdilutedsharesoutstanding": -154600000,
        "commonstockdividendspersharecashpaid": 0.21000000000000005
    },
    {
        "date": "2018-06-29",
        "symbol": "CDW",
        "period": "Q2",
        "netincomeloss": -397800000,
        "othercomprehensiveincomeforeigncurrencytransactionandtranslationadjustmentnetoftaxportionattributabletoparent": -28900000,
        "othercomprehensiveincomelossderivativesqualifyingashedgesnetoftax": 2300000,
        "othercomprehensiveincomelossnetoftaxportionattributabletoparent": -26600000,
        "comprehensiveincomenetoftax": -342300000,
        "othercomprehensiveincomelossforeigncurrencytranslationadjustmenttax": -100000,
        "othercomprehensiveincomelossderivativesqualifyingashedgestax": 700000,
        "revenuefromcontractwithcustomerexcludingassessedtax": 130600000,
        "costofgoodsandservicessold": 407500000,
        "grossprofit": 79900000,
        "sellinggeneralandadministrativeexpense": 35100000,
        "advertisingexpense": 1500000,
        "operatingincomeloss": 21700000,
        "interestincomeexpensenet": -36700000,
        "othernonoperatingincomeexpense": 1400000,
        "incomelossfromcontinuingoperationsbeforeincometaxesextraordinaryitemsnoncontrollinginterest": -71800000,
        "incometaxexpensebenefit": -20200000,
        "earningspersharebasic": 1.14,
        "earningspersharediluted": 1.12,
        "weightedaveragenumberofsharesoutstandingbasic": 151600000,
        "weightedaveragenumberofdilutedsharesoutstanding": 153900000,
        "commonstockdividendspersharecashpaid": 0.21
    },
    {
        "date": "2018-03-30",
        "symbol": "CDW",
        "period": "Q1",
        "netincomeloss": 127000000,
        "othercomprehensiveincomeforeigncurrencytransactionandtranslationadjustmentnetoftaxportionattributabletoparent": 14200000,
        "othercomprehensiveincomelossderivativesqualifyingashedgesnetoftax": 3200000,
        "othercomprehensiveincomelossnetoftaxportionattributabletoparent": 17400000,
        "comprehensiveincomenetoftax": -336600000,
        "othercomprehensiveincomelossforeigncurrencytranslationadjustmenttax": -100000,
        "othercomprehensiveincomelossderivativesqualifyingashedgestax": 1100000,
        "revenuefromcontractwithcustomerexcludingassessedtax": 483000000,
        "costofgoodsandservicessold": 405500000,
        "grossprofit": 77500000,
        "sellinggeneralandadministrativeexpense": 34500000,
        "advertisingexpense": 1900000,
        "operatingincomeloss": -34500000,
        "interestincomeexpensenet": -37100000,
        "othernonoperatingincomeexpense": -1100000,
        "incomelossfromcontinuingoperationsbeforeincometaxesextraordinaryitemsnoncontrollinginterest": -71600000,
        "incometaxexpensebenefit": -20800000,
        "earningspersharebasic": 0.83,
        "earningspersharediluted": 0.82,
        "weightedaveragenumberofsharesoutstandingbasic": 152200000,
        "weightedaveragenumberofdilutedsharesoutstanding": 154800000,
        "commonstockdividendspersharecashpaid": 0.21
    },
    {
        "date": "2017-09-29",
        "symbol": "CDW",
        "period": "Q3",
        "netincomeloss": -301500000,
        "othercomprehensiveincomeforeigncurrencytransactionandtranslationadjustmentnetoftaxportionattributabletoparent": 13900000,
        "othercomprehensiveincomelossderivativesqualifyingashedgesnetoftax": 300000,
        "othercomprehensiveincomelossnetoftaxportionattributabletoparent": 14200000,
        "comprehensiveincomenetoftax": -329600000,
        "othercomprehensiveincomelossforeigncurrencytranslationadjustmenttax": 300000,
        "othercomprehensiveincomelossderivativesqualifyingashedgestax": 200000,
        "salesrevenuenet": 391000000,
        "costofgoodsandservicessold": 325700000,
        "grossprofit": 65300000,
        "sellinggeneralandadministrativeexpense": 31800000,
        "advertisingexpense": 2500000,
        "operatingincomeloss": 14500000,
        "interestincomeexpensenet": -37300000,
        "gainslossesonextinguishmentofdebt": -14000000,
        "othernonoperatingincomeexpense": -200000,
        "incomelossfromcontinuingoperationsbeforeincometaxesextraordinaryitemsnoncontrollinginterest": -69300000,
        "incometaxexpensebenefit": -26200000,
        "earningspersharebasic": 0.84,
        "earningspersharediluted": 0.83,
        "weightedaveragenumberofsharesoutstandingbasic": 153800000,
        "weightedaveragenumberofdilutedsharesoutstanding": 156200000,
        "commonstockdividendspersharecashpaid": 0.16
    },
    {
        "date": "2017-06-29",
        "symbol": "CDW",
        "period": "Q2",
        "netincomeloss": -320700000,
        "othercomprehensiveincomeforeigncurrencytransactionandtranslationadjustmentnetoftaxportionattributabletoparent": 18900000,
        "othercomprehensiveincomelossderivativesqualifyingashedgesnetoftax": -1200000,
        "othercomprehensiveincomelossnetoftaxportionattributabletoparent": 17700000,
        "comprehensiveincomenetoftax": -357100000,
        "othercomprehensiveincomelossforeigncurrencytranslationadjustmenttax": -100000,
        "othercomprehensiveincomelossderivativesqualifyingashedgestax": -800000,
        "salesrevenuenet": 368100000,
        "costofgoodsandservicessold": 307500000,
        "grossprofit": 60700000,
        "sellinggeneralandadministrativeexpense": 32400000,
        "advertisingexpense": 1600000,
        "operatingincomeloss": 12600000,
        "interestincomeexpensenet": -35400000,
        "gainslossesonextinguishmentofdebt": -14000000,
        "othernonoperatingincomeexpense": 300000,
        "incomelossfromcontinuingoperationsbeforeincometaxesextraordinaryitemsnoncontrollinginterest": -67800000,
        "incometaxexpensebenefit": -29300000,
        "earningspersharebasic": 0.9,
        "earningspersharediluted": 0.89,
        "weightedaveragenumberofsharesoutstandingbasic": 156000000,
        "weightedaveragenumberofdilutedsharesoutstanding": 159000000,
        "commonstockdividendspersharecashpaid": 0.16
    },
    {
        "date": "2017-03-30",
        "symbol": "CDW",
        "period": "Q1",
        "netincomeloss": 57600000,
        "othercomprehensiveincomeforeigncurrencytransactionandtranslationadjustmentnetoftaxportionattributabletoparent": 6500000,
        "othercomprehensiveincomelossderivativesqualifyingashedgesnetoftax": -400000,
        "othercomprehensiveincomelossnetoftaxportionattributabletoparent": 6100000,
        "comprehensiveincomenetoftax": -198500000,
        "othercomprehensiveincomelossderivativesqualifyingashedgestax": 300000,
        "salesrevenuenet": 373200000,
        "costofgoodsandservicessold": 313000000,
        "grossprofit": 60200000,
        "sellinggeneralandadministrativeexpense": 31500000,
        "advertisingexpense": 1400000,
        "operatingincomeloss": -31500000,
        "interestincomeexpensenet": -39100000,
        "gainslossesonextinguishmentofdebt": -57400000,
        "othernonoperatingincomeexpense": 700000,
        "incomelossfromcontinuingoperationsbeforeincometaxesextraordinaryitemsnoncontrollinginterest": -128000000,
        "incometaxexpensebenefit": -57300000,
        "earningspersharebasic": 0.36,
        "earningspersharediluted": 0.35,
        "weightedaveragenumberofsharesoutstandingbasic": 159400000,
        "weightedaveragenumberofdilutedsharesoutstanding": 162800000,
        "commonstockdividendspersharecashpaid": 0.16
    },
    {
        "date": "2016-09-29",
        "symbol": "CDW",
        "period": "Q3",
        "netincomeloss": -293200000,
        "othercomprehensiveincomeforeigncurrencytransactionandtranslationadjustmentnetoftaxportionattributabletoparent": -11900000,
        "othercomprehensiveincomelossnetoftaxportionattributabletoparent": -11900000,
        "comprehensiveincomenetoftax": -269400000,
        "othercomprehensiveincomelossforeigncurrencytranslationadjustmenttax": -100000,
        "salesrevenuenet": 318700000,
        "costofgoodsandservicessold": 265200000,
        "grossprofit": 53400000,
        "sellinggeneralandadministrativeexpense": 30000000,
        "advertisingexpense": 1000000,
        "operatingincomeloss": -30500000,
        "interestincomeexpensenet": -37600000,
        "gainslossesonextinguishmentofdebt": -2100000,
        "othernonoperatingincomeexpense": 700000,
        "incomelossfromcontinuingoperationsbeforeincometaxesextraordinaryitemsnoncontrollinginterest": -69000000,
        "incometaxexpensebenefit": -27600000,
        "earningspersharebasic": 0.78,
        "earningspersharediluted": 0.76,
        "weightedaveragenumberofsharesoutstandingbasic": 162100000,
        "weightedaveragenumberofdilutedsharesoutstanding": 164900000,
        "commonstockdividendspersharecashpaid": 0.1075
    },
    {
        "date": "2016-06-29",
        "symbol": "CDW",
        "period": "Q2",
        "netincomeloss": -276700000,
        "othercomprehensiveincomeforeigncurrencytransactionandtranslationadjustmentnetoftaxportionattributabletoparent": -35000000,
        "othercomprehensiveincomelossnetoftaxportionattributabletoparent": -35000000,
        "comprehensiveincomenetoftax": -206700000,
        "othercomprehensiveincomelossforeigncurrencytranslationadjustmenttax": 300000,
        "salesrevenuenet": 338400000,
        "costofgoodsandservicessold": 282800000,
        "grossprofit": 55600000,
        "sellinggeneralandadministrativeexpense": 29400000,
        "advertisingexpense": 1400000,
        "operatingincomeloss": -29400000,
        "interestincomeexpensenet": -37500000,
        "othernonoperatingincomeexpense": 900000,
        "incomelossfromcontinuingoperationsbeforeincometaxesextraordinaryitemsnoncontrollinginterest": -66900000,
        "incometaxexpensebenefit": -25200000,
        "earningspersharebasic": 0.71,
        "earningspersharediluted": 0.7,
        "weightedaveragenumberofsharesoutstandingbasic": 164900000,
        "weightedaveragenumberofdilutedsharesoutstanding": 166700000,
        "commonstockdividendspersharecashpaid": 0.1075
    },
    {
        "date": "2016-03-30",
        "symbol": "CDW",
        "period": "Q1",
        "netincomeloss": 77800000,
        "othercomprehensiveincomeforeigncurrencytransactionandtranslationadjustmentnetoftaxportionattributabletoparent": -7800000,
        "othercomprehensiveincomelossnetoftaxportionattributabletoparent": -7800000,
        "comprehensiveincomenetoftax": 70000000,
        "salesrevenuenet": 355000000,
        "costofgoodsandservicessold": 300800000,
        "grossprofit": 54200000,
        "sellinggeneralandadministrativeexpense": 23600000,
        "advertisingexpense": 1200000,
        "operatingincomeloss": -23600000,
        "interestincomeexpensenet": -37500000,
        "othernonoperatingincomeexpense": 400000,
        "incomelossfromcontinuingoperationsbeforeincometaxesextraordinaryitemsnoncontrollinginterest": -61100000,
        "incometaxexpensebenefit": -23400000,
        "earningspersharebasic": 0.47,
        "earningspersharediluted": 0.46,
        "weightedaveragenumberofsharesoutstandingbasic": 167300000,
        "weightedaveragenumberofdilutedsharesoutstanding": 168900000,
        "commonstockdividendspersharecashpaid": 0.1075
    },
    {
        "date": "2015-09-29",
        "symbol": "CDW",
        "period": "Q3",
        "netincomeloss": 150900000,
        "othercomprehensiveincomeforeigncurrencytransactionandtranslationadjustmentnetoftaxportionattributabletoparent": -22400000,
        "othercomprehensiveincomelossnetoftaxportionattributabletoparent": -22400000,
        "comprehensiveincomenetoftax": 128500000,
        "othercomprehensiveincomelossforeigncurrencytranslationadjustmenttax": 200000,
        "salesrevenuenet": 308500000,
        "costofgoodsandservicessold": 213500000,
        "grossprofit": 39000000,
        "sellinggeneralandadministrativeexpense": 27300000,
        "advertisingexpense": 1400000,
        "operatingincomeloss": -27300000,
        "interestincomeexpensenet": -37900000,
        "othernonoperatingincomeexpense": -18800000,
        "incomelossfromcontinuingoperationsbeforeincometaxesextraordinaryitemsnoncontrollinginterest": -83000000,
        "incometaxexpensebenefit": -31300000,
        "earningspersharebasic": 0.8900000000000001,
        "earningspersharediluted": 0.8800000000000001,
        "weightedaveragenumberofsharesoutstandingbasic": -700000,
        "weightedaveragenumberofdilutedsharesoutstanding": -700000,
        "commonstockdividendspersharecashpaid": 0.0675
    },
    {
        "date": "2015-06-29",
        "symbol": "CDW",
        "period": "Q2",
        "netincomeloss": 108200000,
        "othercomprehensiveincomeforeigncurrencytransactionandtranslationadjustmentnetoftaxportionattributabletoparent": 4700000,
        "othercomprehensiveincomelossnetoftaxportionattributabletoparent": 4700000,
        "comprehensiveincomenetoftax": 112900000,
        "othercomprehensiveincomelossforeigncurrencytranslationadjustmenttax": -1100000,
        "salesrevenuenet": 226200000,
        "costofgoodsandservicessold": 111700000,
        "grossprofit": 15200000,
        "sellinggeneralandadministrativeexpense": 29100000,
        "advertisingexpense": 1100000,
        "operatingincomeloss": -29100000,
        "interestincomeexpensenet": -37900000,
        "gainslossesonextinguishmentofdebt": 0,
        "othernonoperatingincomeexpense": 3800000,
        "incomelossfromcontinuingoperationsbeforeincometaxesextraordinaryitemsnoncontrollinginterest": -62000000,
        "incometaxexpensebenefit": -92600000,
        "earningspersharebasic": 0.6299999999999999,
        "earningspersharediluted": 0.6199999999999999,
        "weightedaveragenumberofsharesoutstandingbasic": -500000,
        "weightedaveragenumberofdilutedsharesoutstanding": -500000,
        "commonstockdividendspersharecashpaid": 0.0675
    },
    {
        "date": "2015-03-30",
        "symbol": "CDW",
        "period": "Q1",
        "netincomeloss": 54700000,
        "othercomprehensiveincomeforeigncurrencytransactionandtranslationadjustmentnetoftaxportionattributabletoparent": -11000000,
        "othercomprehensiveincomelossnetoftaxportionattributabletoparent": -11000000,
        "comprehensiveincomenetoftax": 43700000,
        "othercomprehensiveincomelossforeigncurrencytranslationadjustmenttax": 1400000,
        "salesrevenuenet": 127600000,
        "costofgoodsandservicessold": 112300000,
        "grossprofit": 15300000,
        "sellinggeneralandadministrativeexpense": 28300000,
        "advertisingexpense": 700000,
        "operatingincomeloss": -28300000,
        "interestincomeexpensenet": -44900000,
        "gainslossesonextinguishmentofdebt": 24300000,
        "othernonoperatingincomeexpense": 4100000,
        "incomelossfromcontinuingoperationsbeforeincometaxesextraordinaryitemsnoncontrollinginterest": -92400000,
        "incometaxexpensebenefit": 34800000,
        "earningspersharebasic": 0.32,
        "earningspersharediluted": 0.32,
        "weightedaveragenumberofsharesoutstandingbasic": 172100000,
        "weightedaveragenumberofdilutedsharesoutstanding": 173500000,
        "commonstockdividendspersharecashpaid": 0.0675
    },
    {
        "date": "2014-09-29",
        "symbol": "CDW",
        "period": "Q3",
        "netincomeloss": 55600000,
        "othercomprehensiveincomeforeigncurrencytransactionandtranslationadjustmentnetoftaxportionattributabletoparent": -5200000,
        "othercomprehensiveincomelossnetoftaxportionattributabletoparent": -5200000,
        "comprehensiveincomenetoftax": 129000000,
        "salesrevenuenet": 3140600000,
        "costofgoodsandservicessold": 2648800000,
        "grossprofit": 507300000,
        "sellinggeneralandadministrativeexpense": 28300000,
        "advertisingexpense": 36400000,
        "operatingincomeloss": -28300000,
        "interestincomeexpensenet": -50200000,
        "gainslossesonextinguishmentofdebt": -45800000,
        "othernonoperatingincomeexpense": 100000,
        "incomelossfromcontinuingoperationsbeforeincometaxesextraordinaryitemsnoncontrollinginterest": 5500000,
        "incometaxexpensebenefit": 1500000,
        "earningspersharebasic": 0.33,
        "earningspersharediluted": 0.32,
        "weightedaveragenumberofsharesoutstandingbasic": 170900000,
        "weightedaveragenumberofdilutedsharesoutstanding": 173000000,
        "commonstockdividendspersharecashpaid": 0.0425
    },
    {
        "date": "2014-06-29",
        "symbol": "CDW",
        "period": "Q2",
        "netincomeloss": 3700000,
        "othercomprehensiveincomeforeigncurrencytransactionandtranslationadjustmentnetoftaxportionattributabletoparent": 3700000,
        "othercomprehensiveincomelossnetoftaxportionattributabletoparent": 3700000,
        "comprehensiveincomenetoftax": 131800000,
        "salesrevenuenet": 133100000,
        "costofgoodsandservicessold": 2609100000,
        "grossprofit": 480500000,
        "sellinggeneralandadministrativeexpense": 273900000,
        "advertisingexpense": 1200000,
        "operatingincomeloss": 6300000,
        "interestexpense": 48500000,
        "gainslossesonextinguishmentofdebt": -2600000,
        "othernonoperatingincomeexpense": -200000,
        "incomelossfromcontinuingoperationsbeforeincometaxesextraordinaryitemsnoncontrollinginterest": 137200000,
        "incometaxexpensebenefit": -29000000,
        "earningspersharebasic": 0.51,
        "earningspersharediluted": 0.5,
        "weightedaveragenumberofsharesoutstandingbasic": 170200000,
        "weightedaveragenumberofdilutedsharesoutstanding": 172700000,
        "commonstockdividendspersharedeclared": 0.0425
    },
    {
        "date": "2014-03-30",
        "symbol": "CDW",
        "period": "Q1",
        "netincomeloss": 50900000,
        "othercomprehensiveincomeforeigncurrencytransactionandtranslationadjustmentnetoftaxportionattributabletoparent": -3900000,
        "othercomprehensiveincomelossnetoftaxportionattributabletoparent": -3900000,
        "comprehensiveincomenetoftax": -144300000,
        "revenues": 2652300000,
        "costofgoodsandservicessold": 2227100000,
        "grossprofit": 14600000,
        "sellinggeneralandadministrativeexpense": 260900000,
        "advertisingexpense": 27800000,
        "operatingincomeloss": -25900000,
        "interestexpense": 50200000,
        "gainslossesonextinguishmentofdebt": -5400000,
        "othernonoperatingincomeexpense": 100000,
        "incomelossfromcontinuingoperationsbeforeincometaxesextraordinaryitemsnoncontrollinginterest": 80800000,
        "incometaxexpensebenefit": -30200000,
        "earningspersharebasic": 0.3,
        "earningspersharediluted": 0.3,
        "weightedaveragenumberofsharesoutstandingbasic": 169600000,
        "weightedaveragenumberofdilutedsharesoutstanding": 172300000,
        "commonstockdividendspersharedeclared": 0.0425
    },
    {
        "date": "2013-09-29",
        "symbol": "CDW",
        "period": "Q3",
        "netincomeloss": -2200000,
        "othercomprehensiveincomeforeigncurrencytransactionandtranslationadjustmentnetoftaxportionattributabletoparent": 2000000,
        "othercomprehensiveincomelossnetoftaxportionattributabletoparent": 2000000,
        "comprehensiveincomenetoftax": -200000,
        "revenues": 2753400000,
        "costofgoodsandservicessold": 96900000,
        "grossprofit": 458400000,
        "sellinggeneralandadministrativeexpense": 278600000,
        "advertisingexpense": 31900000,
        "operatingincomeloss": -24400000,
        "interestexpense": 56400000,
        "gainslossesonextinguishmentofdebt": -41300000,
        "othernonoperatingincomeexpense": -200000,
        "incomelossfromcontinuingoperationsbeforeincometaxesextraordinaryitemsnoncontrollinginterest": -24400000,
        "incometaxexpensebenefit": -2600000,
        "earningspersharebasic": -0.01,
        "earningspersharediluted": -0.01,
        "weightedaveragenumberofsharesoutstandingbasic": 166800000,
        "weightedaveragenumberofdilutedsharesoutstanding": 166800000
    },
    {
        "date": "2013-06-29",
        "symbol": "CDW",
        "period": "Q2",
        "netincomeloss": 46700000,
        "othercomprehensiveincomeforeigncurrencytransactionandtranslationadjustmentnetoftaxportionattributabletoparent": -3300000,
        "othercomprehensiveincomelossnetoftaxportionattributabletoparent": -3300000,
        "comprehensiveincomenetoftax": 43400000,
        "revenues": 2662000000,
        "costofgoodsandservicessold": 102300000,
        "grossprofit": 451600000,
        "sellinggeneralandadministrativeexpense": 230100000,
        "advertisingexpense": 30600000,
        "operatingincomeloss": -27600000,
        "interestexpense": 70400000,
        "gainslossesonextinguishmentofdebt": -10300000,
        "othernonoperatingincomeexpense": 200000,
        "incomelossfromcontinuingoperationsbeforeincometaxesextraordinaryitemsnoncontrollinginterest": 73200000,
        "incometaxexpensebenefit": 26500000,
        "earningspersharebasic": 0.32,
        "earningspersharediluted": 0.32,
        "weightedaveragenumberofsharesoutstandingbasic": 145300000,
        "weightedaveragenumberofdilutedsharesoutstanding": 146700000
    },
    {
        "date": "2013-03-30",
        "symbol": "CDW",
        "period": "Q1",
        "netincomeloss": 28300000,
        "othercomprehensiveincomeforeigncurrencytransactionandtranslationadjustmentnetoftaxportionattributabletoparent": -2400000,
        "othercomprehensiveincomelossnetoftaxportionattributabletoparent": -2400000,
        "comprehensiveincomenetoftax": -115000000,
        "revenues": 2411700000,
        "costofgoodsandservicessold": 2009700000,
        "grossprofit": 14300000,
        "sellinggeneralandadministrativeexpense": 251500000,
        "advertisingexpense": 29600000,
        "operatingincomeloss": -25700000,
        "interestexpense": 72200000,
        "gainslossesonextinguishmentofdebt": -3900000,
        "othernonoperatingincomeexpense": 100000,
        "incomelossfromcontinuingoperationsbeforeincometaxesextraordinaryitemsnoncontrollinginterest": 44500000,
        "incometaxexpensebenefit": -37700000
    },
    {
        "date": "2012-09-29",
        "symbol": "CDW",
        "period": "Q3",
        "netincomeloss": 38000000,
        "comprehensiveincomenetoftax": 103100000,
        "revenues": 107700000,
        "costofgoodsandservicessold": 93700000,
        "grossprofit": 14000000,
        "sellinggeneralandadministrativeexpense": 222500000,
        "advertisingexpense": 35000000,
        "operatingincomeloss": 4700000,
        "interestexpense": 0,
        "othernonoperatingincomeexpense": 0,
        "incomelossfromcontinuingoperationsbeforeincometaxesextraordinaryitemsnoncontrollinginterest": 4000000,
        "incometaxexpensebenefit": -34200000
    },
    {
        "date": "2012-06-29",
        "symbol": "CDW",
        "period": "Q2",
        "netincomeloss": 36800000,
        "comprehensiveincomenetoftax": 156400000,
        "revenues": -2100200000,
        "costofgoodsandservicessold": -1743400000,
        "grossprofit": -356800000,
        "sellinggeneralandadministrativeexpense": 189700000,
        "advertisingexpense": 29100000,
        "operatingincomeloss": -94700000,
        "interestexpense": -79200000,
        "gainslossesonextinguishmentofdebt": 0,
        "othernonoperatingincomeexpense": 100000,
        "incomelossfromcontinuingoperationsbeforeincometaxesextraordinaryitemsnoncontrollinginterest": -8400000,
        "incometaxexpensebenefit": -94000000
    },
    {
        "date": "2012-03-30",
        "symbol": "CDW",
        "period": "Q1",
        "netincomeloss": 10900000,
        "othercomprehensiveincomeforeigncurrencytransactionandtranslationadjustmentnetoftaxperiodincreasedecrease": 1900000,
        "comprehensiveincomenetoftax": 12800000,
        "revenues": 2319200000,
        "costofgoodsandservicessold": 1934600000,
        "grossprofit": 384600000,
        "sellinggeneralandadministrativeexpense": 251600000,
        "advertisingexpense": 29400000,
        "operatingincomeloss": 103600000,
        "interestexpense": 78900000,
        "gainslossesonextinguishmentofdebt": -9400000,
        "othernonoperatingincomeexpense": -200000,
        "incomelossfromcontinuingoperationsbeforeincometaxesextraordinaryitemsnoncontrollinginterest": 15100000,
        "incometaxexpensebenefit": 4200000
    }
]