[
    {
        "date": "2024-09-29",
        "symbol": "EXC",
        "period": "Q3",
        "revenuefromcontractwithcustomerincludingassessedtax": 1000000,
        "trueupadjustmentstodecouplingmechanismsandformularates": 6000000,
        "revenues": 540000000,
        "costdirectmaterial": 245000000,
        "utilitiesoperatingexpensemaintenanceoperationsandothercostsandexpenses": 58000000,
        "costofgoodsandservicessolddepreciationandamortization": 67000000,
        "taxesexcludingincomeandexcisetaxes": 2000000,
        "costsandexpenses": 410000000,
        "gainlossonsaleofotherassets": 3000000,
        "operatingincomeloss": 130000000,
        "interestexpenseborrowings": 21000000,
        "interestexpenseother": 95000000,
        "othernonoperatingincomeexpense": 4000000,
        "nonoperatingincomeexpense": -17000000,
        "incomelossfromcontinuingoperationsbeforeincometaxesextraordinaryitemsnoncontrollinginterest": 113000000,
        "incometaxexpensebenefit": 72000000,
        "netincomelossavailabletocommonstockholdersbasic": 707000000,
        "profitloss": 278000000,
        "othercomprehensiveincomelossreclassificationadjustmentfromaocipensionandotherpostretirementbenefitplansfornetgainlossnetoftax": -5000000,
        "othercomprehensiveincomelosscashflowhedgegainlossbeforereclassificationaftertax": -29000000,
        "othercomprehensiveincomelossnetoftax": -24000000,
        "comprehensiveincomenetoftax": 278000000,
        "weightedaveragenumberofsharesoutstandingbasic": 1003000000,
        "incrementalcommonsharesattributabletosharebasedpaymentarrangements": 1000000,
        "weightedaveragenumberofdilutedsharesoutstanding": 1004000000,
        "earningspersharebasic": 0.7,
        "earningspersharediluted": 0.7,
        "revenuesfromrelatedparties": 1000000,
        "relatedpartytransactionutilitiesoperatingexpensemaintenanceoperationsandothercostsandexpenses": 23000000,
        "comprehensiveincomenetoftaxincludingportionattributabletononcontrollinginterest": 83000000
    },
    {
        "date": "2024-06-29",
        "symbol": "EXC",
        "period": "Q2",
        "revenuefromcontractwithcustomerincludingassessedtax": 5169000000,
        "trueupadjustmentstodecouplingmechanismsandformularates": -80000000,
        "revenues": 5361000000,
        "costdirectmaterial": 1938000000,
        "utilitiesoperatingexpensemaintenanceoperationsandothercostsandexpenses": 1209000000,
        "costofgoodsandservicessolddepreciationandamortization": 894000000,
        "taxesexcludingincomeandexcisetaxes": 360000000,
        "costsandexpenses": 4455000000,
        "gainlossonsaleofotherassets": 7000000,
        "operatingincomeloss": 913000000,
        "interestexpenseborrowings": 476000000,
        "interestexpenseother": 7000000,
        "othernonoperatingincomeexpense": 64000000,
        "nonoperatingincomeexpense": -419000000,
        "incomelossfromcontinuingoperationsbeforeincometaxesextraordinaryitemsnoncontrollinginterest": 494000000,
        "incometaxexpensebenefit": 46000000,
        "netincomelossavailabletocommonstockholdersbasic": 448000000,
        "profitloss": 448000000,
        "othercomprehensiveincomelossreclassificationadjustmentfromaocipensionandotherpostretirementbenefitplansfornetgainlossnetoftax": -5000000,
        "othercomprehensiveincomelossfinalizationofpensionandnonpensionpostretirementplanvaluationnetoftax": -2000000,
        "othercomprehensiveincomelosscashflowhedgegainlossbeforereclassificationaftertax": -3000000,
        "othercomprehensiveincomelossnetoftax": -3000000,
        "comprehensiveincomenetoftax": 448000000,
        "weightedaveragenumberofsharesoutstandingbasic": 1001000000,
        "weightedaveragenumberofdilutedsharesoutstanding": 1001000000,
        "earningspersharebasic": 0.45,
        "earningspersharediluted": 0.45,
        "revenuesfromrelatedparties": 2000000,
        "relatedpartytransactionutilitiesoperatingexpensemaintenanceoperationsandothercostsandexpenses": 104000000,
        "comprehensiveincomenetoftaxincludingportionattributabletononcontrollinginterest": 270000000
    },
    {
        "date": "2024-03-30",
        "symbol": "EXC",
        "period": "Q1",
        "revenuefromcontractwithcustomerincludingassessedtax": 5198000000,
        "trueupadjustmentstodecouplingmechanismsandformularates": 106000000,
        "revenues": 6043000000,
        "costdirectmaterial": 2197000000,
        "utilitiesoperatingexpensemaintenanceoperationsandothercostsandexpenses": 1271000000,
        "relatedpartytransactionutilitiesoperatingexpensemaintenanceoperationsandothercostsandexpenses": 100000000,
        "costofgoodsandservicessolddepreciationandamortization": 879000000,
        "taxesexcludingincomeandexcisetaxes": 371000000,
        "costsandexpenses": 4931000000,
        "gainlossonsaleofotherassets": 2000000,
        "operatingincomeloss": 1114000000,
        "interestexpenseborrowings": 462000000,
        "interestexpenseother": 6000000,
        "othernonoperatingincomeexpense": 75000000,
        "nonoperatingincomeexpense": -393000000,
        "incomelossfromcontinuingoperationsbeforeincometaxesextraordinaryitemsnoncontrollinginterest": 721000000,
        "incometaxexpensebenefit": 63000000,
        "netincomelossavailabletocommonstockholdersbasic": 658000000,
        "profitloss": 658000000,
        "othercomprehensiveincomelossreclassificationadjustmentfromaocipensionandotherpostretirementbenefitplansfornetgainlossnetoftax": -5000000,
        "othercomprehensiveincomelossfinalizationofpensionandnonpensionpostretirementplanvaluationnetoftax": -24000000,
        "othercomprehensiveincomelosscashflowhedgegainlossbeforereclassificationaftertax": 33000000,
        "othercomprehensiveincomelossnetoftax": 14000000,
        "comprehensiveincomenetoftax": 672000000,
        "weightedaveragenumberofsharesoutstandingbasic": 1000000000,
        "incrementalcommonsharesattributabletosharebasedpaymentarrangements": 1000000,
        "weightedaveragenumberofdilutedsharesoutstanding": 1001000000,
        "earningspersharebasic": 0.66,
        "earningspersharediluted": 0.66,
        "revenuesfromrelatedparties": 2000000,
        "comprehensiveincomenetoftaxincludingportionattributabletononcontrollinginterest": 193000000
    },
    {
        "date": "2023-12-30",
        "symbol": "EXC",
        "period": "Q4",
        "revenuefromcontractwithcustomerincludingassessedtax": 4687000000,
        "revenues": 5366000000,
        "costdirectmaterial": 1882000000,
        "utilitiesoperatingexpensemaintenanceoperationsandothercostsandexpenses": 1024000000,
        "costofgoodsandservicessolddepreciationandamortization": 890000000,
        "taxesexcludingincomeandexcisetaxes": 346000000,
        "costsandexpenses": 4286000000,
        "operatingincomeloss": 1090000000,
        "interestexpenseborrowings": 446000000,
        "othernonoperatingincomeexpense": 79000000,
        "nonoperatingincomeexpense": -374000000,
        "incomelossfromcontinuingoperationsbeforeincometaxesextraordinaryitemsnoncontrollinginterest": 716000000,
        "incometaxexpensebenefit": 100000000,
        "incomelossfromcontinuingoperationsincludingportionattributabletononcontrollinginterest": 616000000,
        "profitloss": 616000000,
        "netincomelossavailabletocommonstockholdersbasic": 616000000,
        "netincomelossfromcontinuingoperationsavailabletocommonshareholdersbasic": 616000000,
        "othercomprehensiveincomelossreclassificationadjustmentfromaocipensionandotherpostretirementbenefitplansfornetgainlossnetoftax": -4000000,
        "othercomprehensiveincomelossfinalizationofpensionandnonpensionpostretirementplanvaluationnetoftax": -93000000,
        "othercomprehensiveincomelossnetoftax": -130000000,
        "comprehensiveincomenetoftaxincludingportionattributabletononcontrollinginterest": 486000000,
        "comprehensiveincomenetoftax": 486000000,
        "weightedaveragenumberofsharesoutstandingbasic": 996000000,
        "incrementalcommonsharesattributabletosharebasedpaymentarrangements": -2000000,
        "weightedaveragenumberofdilutedsharesoutstanding": 997000000,
        "incomelossfromcontinuingoperationsperbasicshare": 0.6299999999999998,
        "incomelossfromcontinuingoperationsperdilutedshare": 0.6299999999999998
    },
    {
        "date": "2023-09-29",
        "symbol": "EXC",
        "period": "Q3",
        "revenuefromcontractwithcustomerincludingassessedtax": 5684000000,
        "trueupadjustmentstodecouplingmechanismsandformularates": 108000000,
        "revenues": 5980000000,
        "costdirectmaterial": 2364000000,
        "utilitiesoperatingexpensemaintenanceoperationsandothercostsandexpenses": 1187000000,
        "costofgoodsandservicessolddepreciationandamortization": 890000000,
        "taxesexcludingincomeandexcisetaxes": 383000000,
        "costsandexpenses": 4857000000,
        "operatingincomeloss": 1123000000,
        "interestexpenseborrowings": 431000000,
        "interestexpenseother": 6000000,
        "othernonoperatingincomeexpense": 81000000,
        "nonoperatingincomeexpense": -356000000,
        "incomelossfromcontinuingoperationsbeforeincometaxesextraordinaryitemsnoncontrollinginterest": 767000000,
        "incometaxexpensebenefit": 67000000,
        "incomelossfromcontinuingoperationsincludingportionattributabletononcontrollinginterest": 700000000,
        "profitloss": 700000000,
        "netincomelossavailabletocommonstockholdersbasic": 700000000,
        "netincomelossfromcontinuingoperationsavailabletocommonshareholdersbasic": 700000000,
        "othercomprehensiveincomelossreclassificationadjustmentfromaocipensionandotherpostretirementbenefitplansfornetgainlossnetoftax": -16000000,
        "othercomprehensiveincomelossfinalizationofpensionandnonpensionpostretirementplanvaluationnetoftax": -3000000,
        "othercomprehensiveincomelosscashflowhedgegainlossbeforereclassificationaftertax": 21000000,
        "othercomprehensiveincomelossnetoftax": 34000000,
        "comprehensiveincomenetoftaxincludingportionattributabletononcontrollinginterest": 734000000,
        "comprehensiveincomenetoftax": 734000000,
        "weightedaveragenumberofsharesoutstandingbasic": 996000000,
        "incrementalcommonsharesattributabletosharebasedpaymentarrangements": 1000000,
        "weightedaveragenumberofdilutedsharesoutstanding": 997000000,
        "incomelossfromcontinuingoperationsperbasicshare": 0.7,
        "incomelossfromcontinuingoperationsperdilutedshare": 0.7,
        "revenuesfromrelatedparties": 9000000,
        "relatedpartytransactionutilitiesoperatingexpensemaintenanceoperationsandothercostsandexpenses": 92000000
    },
    {
        "date": "2023-06-29",
        "symbol": "EXC",
        "period": "Q2",
        "revenuefromcontractwithcustomerincludingassessedtax": 4434000000,
        "trueupadjustmentstodecouplingmechanismsandformularates": 126000000,
        "revenuesfromrelatedparties": 2000000,
        "revenues": 4818000000,
        "costdirectmaterial": 1669000000,
        "utilitiesoperatingexpensemaintenanceoperationsandothercostsandexpenses": 1197000000,
        "costofgoodsandservicessolddepreciationandamortization": 866000000,
        "taxesexcludingincomeandexcisetaxes": 324000000,
        "costsandexpenses": 4114000000,
        "operatingincomeloss": 704000000,
        "interestexpenseborrowings": 421000000,
        "interestexpenseother": 6000000,
        "othernonoperatingincomeexpense": 139000000,
        "nonoperatingincomeexpense": -288000000,
        "incomelossfromcontinuingoperationsbeforeincometaxesextraordinaryitemsnoncontrollinginterest": 416000000,
        "incometaxexpensebenefit": 73000000,
        "incomelossfromcontinuingoperationsincludingportionattributabletononcontrollinginterest": 343000000,
        "profitloss": 343000000,
        "netincomelossavailabletocommonstockholdersbasic": 343000000,
        "netincomelossfromcontinuingoperationsavailabletocommonshareholdersbasic": 343000000,
        "othercomprehensiveincomelossreclassificationadjustmentfromaocipensionandotherpostretirementbenefitplansfornetgainlossnetoftax": -3000000,
        "othercomprehensiveincomelossfinalizationofpensionandnonpensionpostretirementplanvaluationnetoftax": -3000000,
        "unrealizedgainlossoncashflowhedginginstruments": 9000000,
        "othercomprehensiveincomelossnetoftax": 9000000,
        "comprehensiveincomenetoftaxincludingportionattributabletononcontrollinginterest": 352000000,
        "comprehensiveincomenetoftax": 352000000,
        "weightedaveragenumberofsharesoutstandingbasic": 995000000,
        "incrementalcommonsharesattributabletosharebasedpaymentarrangements": 1000000,
        "weightedaveragenumberofdilutedsharesoutstanding": 996000000,
        "incomelossfromcontinuingoperationsperbasicshare": 0.34,
        "incomelossfromcontinuingoperationsperdilutedshare": 0.34
    },
    {
        "date": "2023-03-30",
        "symbol": "EXC",
        "period": "Q1",
        "revenuefromcontractwithcustomerincludingassessedtax": 4462000000,
        "trueupadjustmentstodecouplingmechanismsandformularates": 279000000,
        "revenuefromrelatedparties": 3000000,
        "revenues": 5563000000,
        "costdirectmaterial": 1733000000,
        "utilitiesoperatingexpensemaintenanceoperationsandothercostsandexpenses": 1151000000,
        "relatedpartytransactionexpensesfromtransactionswithrelatedparty": 83000000,
        "costofgoodsandservicessolddepreciationandamortization": 860000000,
        "taxesexcludingincomeandexcisetaxes": 355000000,
        "costsandexpenses": 4457000000,
        "operatingincomeloss": 1106000000,
        "interestexpenseborrowings": 406000000,
        "interestexpenserelatedparty": 6000000,
        "othernonoperatingincomeexpense": 109000000,
        "nonoperatingincomeexpense": -303000000,
        "incomelossfromcontinuingoperationsbeforeincometaxesextraordinaryitemsnoncontrollinginterest": 803000000,
        "incometaxexpensebenefit": 134000000,
        "incomelossfromcontinuingoperationsincludingportionattributabletononcontrollinginterest": 669000000,
        "profitloss": 669000000,
        "netincomelossavailabletocommonstockholdersbasic": 669000000,
        "netincomelossfromcontinuingoperationsavailabletocommonshareholdersbasic": 669000000,
        "othercomprehensiveincomelossreclassificationadjustmentfromaocipensionandotherpostretirementbenefitplansfornetgainlossnetoftax": -3000000,
        "othercomprehensiveincomelossfinalizationofpensionandnonpensionpostretirementplanvaluationnetoftax": -10000000,
        "othercomprehensiveincomeunrealizedgainlossonderivativesarisingduringperiodnetoftax": 6000000,
        "othercomprehensiveincomelossnetoftax": -1000000,
        "comprehensiveincomenetoftaxincludingportionattributabletononcontrollinginterest": 668000000,
        "comprehensiveincomenetoftax": 668000000,
        "weightedaveragenumberofsharesoutstandingbasic": 995000000,
        "incrementalcommonsharesattributabletosharebasedpaymentarrangements": 1000000,
        "weightedaveragenumberofdilutedsharesoutstanding": 996000000,
        "incomelossfromcontinuingoperationsperbasicshare": 0.67,
        "incomelossfromcontinuingoperationsperdilutedshare": 0.67
    },
    {
        "date": "2022-12-30",
        "symbol": "EXC",
        "period": "Q4",
        "revenuefromcontractwithcustomerincludingassessedtax": 3927000000,
        "revenuefromrelatedparties": 2000000,
        "revenues": 4666000000,
        "costdirectmaterial": 1228000000,
        "utilitiesoperatingexpensemaintenanceoperationsandothercostsandexpenses": 1237000000,
        "relatedpartytransactionexpensesfromtransactionswithrelatedparty": 82000000,
        "costofgoodsandservicessolddepreciationandamortization": 853000000,
        "taxesexcludingincomeandexcisetaxes": 329000000,
        "costsandexpenses": 3957000000,
        "operatingincomeloss": 709000000,
        "interestexpenseborrowings": 378000000,
        "interestexpenserelatedparty": 6000000,
        "othernonoperatingincomeexpense": 100000000,
        "nonoperatingincomeexpense": -284000000,
        "incomelossfromcontinuingoperationsbeforeincometaxesextraordinaryitemsnoncontrollinginterest": 425000000,
        "incometaxexpensebenefit": -7000000,
        "incomelossfromcontinuingoperationsincludingportionattributabletononcontrollinginterest": 432000000,
        "profitloss": 432000000,
        "netincomelossavailabletocommonstockholdersbasic": 432000000,
        "netincomelossfromcontinuingoperationsavailabletocommonshareholdersbasic": 432000000,
        "othercomprehensiveincomelossreclassificationadjustmentfromaocipensionandotherpostretirementbenefitplansfornetgainlossnetoftax": -9000000,
        "othercomprehensiveincomelossnetoftax": 54000000,
        "comprehensiveincomenetoftaxincludingportionattributabletononcontrollinginterest": 486000000,
        "comprehensiveincomenetoftax": 486000000,
        "weightedaveragenumberofdilutedsharesoutstanding": 3000000,
        "incomelossfromcontinuingoperationsperbasicshare": 0.43000000000000016,
        "incomelossfromcontinuingoperationsperdilutedshare": 0.43000000000000016
    },
    {
        "date": "2022-09-29",
        "symbol": "EXC",
        "period": "Q3",
        "revenuefromcontractwithcustomerincludingassessedtax": 4557000000,
        "trueupadjustmentstodecouplingmechanismsandformularates": 65000000,
        "revenuefromrelatedparties": 6000000,
        "revenues": 4846000000,
        "costdirectmaterial": 1404000000,
        "utilitiesoperatingexpensemaintenanceoperationsandothercostsandexpenses": 1148000000,
        "relatedpartytransactionexpensesfromtransactionswithrelatedparty": 70000000,
        "costofgoodsandservicessolddepreciationandamortization": 825000000,
        "taxesexcludingincomeandexcisetaxes": 377000000,
        "costsandexpenses": 3833000000,
        "operatingincomeloss": 1013000000,
        "interestexpenseborrowings": 360000000,
        "interestexpenserelatedparty": 6000000,
        "othernonoperatingincomeexpense": 122000000,
        "nonoperatingincomeexpense": -244000000,
        "incomelossfromcontinuingoperationsbeforeincometaxesextraordinaryitemsnoncontrollinginterest": 769000000,
        "incometaxexpensebenefit": 93000000,
        "incomelossfromcontinuingoperationsincludingportionattributabletononcontrollinginterest": 676000000,
        "profitloss": 676000000,
        "netincomelossavailabletocommonstockholdersbasic": 676000000,
        "netincomelossfromcontinuingoperationsavailabletocommonshareholdersbasic": 676000000,
        "othercomprehensiveincomelossreclassificationadjustmentfromaocipensionandotherpostretirementbenefitplansfornetgainlossnetoftax": -9000000,
        "othercomprehensiveincomelossnetoftax": 9000000,
        "comprehensiveincomenetoftaxincludingportionattributabletononcontrollinginterest": 685000000,
        "comprehensiveincomenetoftax": 685000000,
        "weightedaveragenumberofdilutedsharesoutstanding": 2000000,
        "incomelossfromcontinuingoperationsperbasicshare": 0.69,
        "incomelossfromcontinuingoperationsperdilutedshare": 0.69
    },
    {
        "date": "2022-06-29",
        "symbol": "EXC",
        "period": "Q2",
        "revenuefromcontractwithcustomerincludingassessedtax": 3934000000,
        "trueupadjustmentstodecouplingmechanismsandformularates": -2000000,
        "revenuefromrelatedparties": 2000000,
        "revenues": 4239000000,
        "costdirectmaterial": 1167000000,
        "relatedpartytransactionpurchasesfromrelatedparty": 0,
        "utilitiesoperatingexpensemaintenanceoperationsandothercostsandexpenses": 1110000000,
        "relatedpartytransactionexpensesfromtransactionswithrelatedparty": 81000000,
        "costofgoodsandservicessolddepreciationandamortization": 830000000,
        "taxesexcludingincomeandexcisetaxes": 330000000,
        "costsandexpenses": 3544000000,
        "operatingincomeloss": 693000000,
        "interestexpenseborrowings": 352000000,
        "interestexpenserelatedparty": 7000000,
        "othernonoperatingincomeexpense": 176000000,
        "nonoperatingincomeexpense": -183000000,
        "incomelossfromcontinuingoperationsbeforeincometaxesextraordinaryitemsnoncontrollinginterest": 510000000,
        "incometaxexpensebenefit": 45000000,
        "incomelossfromequitymethodinvestmentsnetofdividendsordistributions": 0,
        "incomelossfromcontinuingoperationsincludingportionattributabletononcontrollinginterest": 465000000,
        "incomelossfromdiscontinuedoperationsnetoftax": 0,
        "profitloss": 465000000,
        "netincomelossattributabletononcontrollinginterest": 0,
        "netincomelossavailabletocommonstockholdersbasic": 465000000,
        "netincomelossfromcontinuingoperationsavailabletocommonshareholdersbasic": 465000000,
        "netincomelossfromdiscontinuedoperationsavailabletocommonshareholdersbasic": 0,
        "othercomprehensiveincomelossreclassificationadjustmentfromaocipensionandotherpostretirementbenefitplansfornetgainlossnetoftax": -10000000,
        "othercomprehensiveincomelossnetoftax": 12000000,
        "comprehensiveincomenetoftaxincludingportionattributabletononcontrollinginterest": 477000000,
        "comprehensiveincomenetoftaxattributabletononcontrollinginterest": 0,
        "comprehensiveincomenetoftax": 477000000,
        "weightedaveragenumberofsharesoutstandingbasic": 0,
        "weightedaveragenumberofdilutedsharesoutstanding": 1000000,
        "incomelossfromcontinuingoperationsperbasicshare": 0.47,
        "incomelossfromcontinuingoperationsperdilutedshare": 0.47,
        "discontinuedoperationincomelossfromdiscontinuedoperationnetoftaxperbasicshare": 0,
        "discontinuedoperationincomelossfromdiscontinuedoperationnetoftaxperdilutedshare": 0
    },
    {
        "date": "2022-03-30",
        "symbol": "EXC",
        "period": "Q1",
        "revenuefromcontractwithcustomerincludingassessedtax": 4481000000,
        "trueupadjustmentstodecouplingmechanismsandformularates": 29000000,
        "revenuefromrelatedparties": 6000000,
        "revenues": 5327000000,
        "costdirectmaterial": 1581000000,
        "relatedpartytransactionpurchasesfromrelatedparty": 159000000,
        "utilitiesoperatingexpensemaintenanceoperationsandothercostsandexpenses": 1178000000,
        "relatedpartytransactionexpensesfromtransactionswithrelatedparty": 85000000,
        "costofgoodsandservicessolddepreciationandamortization": 817000000,
        "taxesexcludingincomeandexcisetaxes": 354000000,
        "costsandexpenses": 4427000000,
        "operatingincomeloss": 900000000,
        "interestexpenseborrowings": 332000000,
        "interestexpenserelatedparty": 6000000,
        "othernonoperatingincomeexpense": 137000000,
        "nonoperatingincomeexpense": -201000000,
        "incomelossfromcontinuingoperationsbeforeincometaxesextraordinaryitemsnoncontrollinginterest": 699000000,
        "incometaxexpensebenefit": 218000000,
        "incomelossfromequitymethodinvestmentsnetofdividendsordistributions": -1000000,
        "incomelossfromcontinuingoperationsincludingportionattributabletononcontrollinginterest": 481000000,
        "incomelossfromdiscontinuedoperationsnetoftax": 117000000,
        "profitloss": 598000000,
        "netincomelossattributabletononcontrollinginterest": 1000000,
        "netincomelossavailabletocommonstockholdersbasic": 597000000,
        "netincomelossfromcontinuingoperationsavailabletocommonshareholdersbasic": 481000000,
        "netincomelossfromdiscontinuedoperationsavailabletocommonshareholdersbasic": 116000000,
        "othercomprehensiveincomelossreclassificationadjustmentfromaocipensionandotherpostretirementbenefitplansfornetgainlossnetoftax": -14000000,
        "othercomprehensiveincomelossnetoftax": 14000000,
        "comprehensiveincomenetoftaxincludingportionattributabletononcontrollinginterest": 612000000,
        "comprehensiveincomenetoftaxattributabletononcontrollinginterest": 1000000,
        "comprehensiveincomenetoftax": 611000000,
        "weightedaveragenumberofsharesoutstandingbasic": 981000000,
        "weightedaveragenumberofdilutedsharesoutstanding": 981000000,
        "incomelossfromcontinuingoperationsperbasicshare": 0.49,
        "incomelossfromcontinuingoperationsperdilutedshare": 0.49,
        "discontinuedoperationincomelossfromdiscontinuedoperationnetoftaxperbasicshare": 0.12,
        "discontinuedoperationincomelossfromdiscontinuedoperationnetoftaxperdilutedshare": 0.12
    },
    {
        "date": "2021-12-30",
        "symbol": "EXC",
        "period": "Q4",
        "revenuefromcontractwithcustomerincludingassessedtax": 5218000000,
        "revenuefromrelatedparties": -832000000,
        "revenues": 9632000000,
        "costdirectmaterial": 4054000000,
        "relatedpartytransactionpurchasesfromrelatedparty": 127000000,
        "utilitiesoperatingexpensemaintenanceoperationsandothercostsandexpenses": 2241000000,
        "relatedpartytransactionexpensesfromtransactionswithrelatedparty": -152000000,
        "costofgoodsandservicessolddepreciationandamortization": 1049000000,
        "taxesexcludingincomeandexcisetaxes": 428000000,
        "costsandexpenses": 9065000000,
        "gainlossonsaleofotherassets": 53000000,
        "operatingincomeloss": 620000000,
        "interestexpenserelatedparty": 6000000,
        "othernonoperatingincomeexpense": 305000000,
        "nonoperatingincomeexpense": -86000000,
        "incomelossfromcontinuingoperationsbeforeincometaxesextraordinaryitemsnoncontrollinginterest": 534000000,
        "incometaxexpensebenefit": 141000000,
        "incomelossfromequitymethodinvestmentsnetofdividendsordistributions": -4000000,
        "profitloss": 389000000,
        "netincomelossattributabletononcontrollinginterest": -2000000,
        "netincomelossavailabletocommonstockholdersbasic": 391000000,
        "othercomprehensiveincomelossamortizationadjustmentfromaocipensionandotherpostretirementbenefitplansfornetpriorservicecostcreditnetoftax": -1000000,
        "othercomprehensiveincomelossreclassificationadjustmentfromaocipensionandotherpostretirementbenefitplansfornetgainlossnetoftax": 391000000,
        "othercomprehensiveincomelossnetoftax": 473000000,
        "comprehensiveincomenetoftaxincludingportionattributabletononcontrollinginterest": 862000000,
        "comprehensiveincomenetoftaxattributabletononcontrollinginterest": -2000000,
        "comprehensiveincomenetoftax": 864000000,
        "weightedaveragenumberofsharesoutstandingbasic": -978000000,
        "weightedaveragenumberofdilutedsharesoutstanding": -979000000,
        "earningspersharebasic": 0.4,
        "earningspersharediluted": 0.4
    },
    {
        "date": "2021-09-29",
        "symbol": "EXC",
        "period": "Q3",
        "revenuefromcontractwithcustomerincludingassessedtax": 4084000000,
        "trueupadjustmentstodecouplingmechanismsandformularates": -47000000,
        "revenuefromrelatedparties": 324000000,
        "revenues": 8910000000,
        "costdirectmaterial": 1541000000,
        "relatedpartytransactionamountsoftransaction": 4000000,
        "relatedpartytransactionpurchasesfromrelatedparty": 93000000,
        "utilitiesoperatingexpensemaintenanceoperationsandothercostsandexpenses": 1992000000,
        "relatedpartytransactionexpensesfromtransactionswithrelatedparty": 177000000,
        "costofgoodsandservicessolddepreciationandamortization": 1624000000,
        "taxesexcludingincomeandexcisetaxes": 468000000,
        "costsandexpenses": 7117000000,
        "gainlossonsaleofotherassets": 65000000,
        "operatingincomeloss": 1858000000,
        "interestexpenseborrowings": 391000000,
        "interestexpenserelatedparty": 6000000,
        "othernonoperatingincomeexpense": -55000000,
        "nonoperatingincomeexpense": -452000000,
        "incomelossfromcontinuingoperationsbeforeincometaxesextraordinaryitemsnoncontrollinginterest": 1406000000,
        "incometaxexpensebenefit": 174000000,
        "incomelossfromequitymethodinvestmentsnetofdividendsordistributions": -3000000,
        "profitloss": 1229000000,
        "netincomelossattributabletononcontrollinginterest": 26000000,
        "netincomelossavailabletocommonstockholdersbasic": 1203000000,
        "netincomeloss": 607000000,
        "othercomprehensiveincomelossamortizationadjustmentfromaocipensionandotherpostretirementbenefitplansfornetpriorservicecostcreditnetoftax": -1000000,
        "othercomprehensiveincomelossreclassificationadjustmentfromaocipensionandotherpostretirementbenefitplansfornetgainlossnetoftax": -56000000,
        "othercomprehensiveincomelossfinalizationofpensionandnonpensionpostretirementplanvaluationnetoftax": 14000000,
        "othercomprehensiveincomeforeigncurrencytransactionandtranslationgainlossarisingduringperiodnetoftax": -3000000,
        "othercomprehensiveincomelossnetoftax": 66000000,
        "comprehensiveincomenetoftaxincludingportionattributabletononcontrollinginterest": 1295000000,
        "comprehensiveincomenetoftaxattributabletononcontrollinginterest": 26000000,
        "comprehensiveincomenetoftax": 1269000000,
        "weightedaveragenumberofsharesoutstandingbasic": 979000000,
        "incrementalcommonsharesattributabletosharebasedpaymentarrangements": 1000000,
        "weightedaveragenumberofdilutedsharesoutstanding": 980000000,
        "earningspersharebasic": 1.23,
        "earningspersharediluted": 1.23
    },
    {
        "date": "2021-06-29",
        "symbol": "EXC",
        "period": "Q2",
        "revenuefromcontractwithcustomerincludingassessedtax": 3900000000,
        "revenuefromrelatedparties": 254000000,
        "revenues": 7915000000,
        "costdirectmaterial": 1952000000,
        "relatedpartytransactionpurchasesfromrelatedparty": 78000000,
        "utilitiesoperatingexpensemaintenanceoperationsandothercostsandexpenses": 2447000000,
        "relatedpartytransactionexpensesfromtransactionswithrelatedparty": 137000000,
        "costofgoodsandservicessolddepreciationandamortization": 1666000000,
        "taxesexcludingincomeandexcisetaxes": 432000000,
        "costsandexpenses": 7561000000,
        "gainlossonsaleofotherassets": 12000000,
        "operatingincomeloss": 366000000,
        "interestexpenserelatedparty": 7000000,
        "othernonoperatingincomeexpense": 581000000,
        "nonoperatingincomeexpense": 184000000,
        "incomelossfromcontinuingoperationsbeforeincometaxesextraordinaryitemsnoncontrollinginterest": 550000000,
        "incometaxexpensebenefit": 74000000,
        "incomelossfromequitymethodinvestmentsnetofdividendsordistributions": -1000000,
        "profitloss": 475000000,
        "netincomelossattributabletononcontrollinginterest": 74000000,
        "netincomelossavailabletocommonstockholdersbasic": 401000000,
        "netincomeloss": -61000000,
        "othercomprehensiveincomelossamortizationadjustmentfromaocipensionandotherpostretirementbenefitplansfornetpriorservicecostcreditnetoftax": -1000000,
        "othercomprehensiveincomelossreclassificationadjustmentfromaocipensionandotherpostretirementbenefitplansfornetgainlossnetoftax": -56000000,
        "othercomprehensiveincomeforeigncurrencytransactionandtranslationgainlossarisingduringperiodnetoftax": 2000000,
        "othercomprehensiveincomelossnetoftax": 57000000,
        "comprehensiveincomenetoftaxincludingportionattributabletononcontrollinginterest": 532000000,
        "comprehensiveincomenetoftaxattributabletononcontrollinginterest": 74000000,
        "comprehensiveincomenetoftax": 458000000,
        "weightedaveragenumberofsharesoutstandingbasic": 1000000,
        "weightedaveragenumberofdilutedsharesoutstanding": 2000000,
        "earningspersharebasic": 0.41,
        "earningspersharediluted": 0.41
    },
    {
        "date": "2021-03-30",
        "symbol": "EXC",
        "period": "Q1",
        "revenuefromcontractwithcustomerincludingassessedtax": 5265000000,
        "regulatedoperatingrevenue": 129000000,
        "revenuefromrelatedparties": 295000000,
        "revenues": 9890000000,
        "costdirectmaterial": 4610000000,
        "relatedpartytransactionpurchasesfromrelatedparty": 85000000,
        "utilitiesoperatingexpensemaintenanceoperationsandothercostsandexpenses": 1979000000,
        "relatedpartytransactionexpensesfromtransactionswithrelatedparty": 145000000,
        "costofgoodsandservicessolddepreciationandamortization": 1697000000,
        "taxesexcludingincomeandexcisetaxes": 438000000,
        "costsandexpenses": 10082000000,
        "gainlossonsaleofotherassets": 71000000,
        "deconsolidationgainorlossamount": 68000000,
        "operatingincomeloss": -121000000,
        "interestexpense": 380000000,
        "interestexpenserelatedparty": 6000000,
        "othernonoperatingincomeexpense": 225000000,
        "nonoperatingincomeexpense": -161000000,
        "incomelossfromcontinuingoperationsbeforeincometaxesextraordinaryitemsnoncontrollinginterest": -282000000,
        "incometaxexpensebenefit": -19000000,
        "incomelossfromequitymethodinvestmentsnetofdividendsordistributions": -1000000,
        "profitloss": -264000000,
        "netincomelossattributabletononcontrollinginterest": 25000000,
        "netincomelossavailabletocommonstockholdersbasic": -289000000,
        "netincomeloss": -793000000,
        "othercomprehensiveincomelossamortizationadjustmentfromaocipensionandotherpostretirementbenefitplansfornetpriorservicecostcreditnetoftax": -1000000,
        "othercomprehensiveincomelossreclassificationadjustmentfromaocipensionandotherpostretirementbenefitplansfornetgainlossnetoftax": -56000000,
        "othercomprehensiveincomelosspensionandotherpostretirementbenefitplansadjustmentnetoftax": 2000000,
        "othercomprehensiveincomeforeigncurrencytransactionandtranslationgainlossarisingduringperiodnetoftax": 1000000,
        "othercomprehensiveincomelossnetoftax": 54000000,
        "comprehensiveincomenetoftaxincludingportionattributabletononcontrollinginterest": -210000000,
        "comprehensiveincomenetoftaxattributabletononcontrollinginterest": 25000000,
        "comprehensiveincomenetoftax": -235000000,
        "weightedaveragenumberofsharesoutstandingbasic": 977000000,
        "weightedaveragenumberofdilutedsharesoutstanding": 977000000,
        "earningspersharebasic": -0.3,
        "earningspersharediluted": -0.3
    },
    {
        "date": "2020-12-30",
        "symbol": "EXC",
        "period": "Q4",
        "revenuefromcontractwithcustomerincludingassessedtax": 4056000000,
        "regulatedoperatingrevenue": 72000000,
        "revenuefromrelatedparties": 1208000000,
        "revenues": 8117000000,
        "costdirectmaterial": 2626000000,
        "relatedpartytransactionpurchasesfromrelatedparty": -1000000,
        "utilitiesoperatingexpensemaintenanceoperationsandothercostsandexpenses": 2039000000,
        "relatedpartytransactionexpensesfromtransactionswithrelatedparty": 146000000,
        "costofgoodsandservicessolddepreciationandamortization": 1702000000,
        "taxesexcludingincomeandexcisetaxes": 415000000,
        "costsandexpenses": 7855000000,
        "gainlossonsaleofotherassets": 8000000,
        "operatingincomeloss": 270000000,
        "interestexpense": 388000000,
        "interestexpenserelatedparty": 6000000,
        "othernonoperatingincomeexpense": 792000000,
        "nonoperatingincomeexpense": 398000000,
        "incomelossfromcontinuingoperationsbeforeincometaxesextraordinaryitemsnoncontrollinginterest": 668000000,
        "incomelossfromequitymethodinvestmentsnetofdividendsordistributions": -1000000,
        "profitloss": 435000000,
        "netincomelossavailabletocommonstockholdersbasic": 359000000,
        "netincomelossattributabletononcontrollinginterest": 76000000,
        "netincomeloss": 19000000,
        "othercomprehensiveincomelossamortizationadjustmentfromaocipensionandotherpostretirementbenefitplansfornetpriorservicecostcreditnetoftax": -10000000,
        "othercomprehensiveincomelossreclassificationadjustmentfromaocipensionandotherpostretirementbenefitplansfornetgainlossnetoftax": -47000000,
        "othercomprehensiveincomelosspensionandotherpostretirementbenefitplansadjustmentnetoftax": 339000000,
        "othercomprehensiveincomeforeigncurrencytransactionandtranslationgainlossarisingduringperiodnetoftax": 7000000,
        "othercomprehensiveincomelossnetoftax": -296000000,
        "comprehensiveincomenetoftaxincludingportionattributabletononcontrollinginterest": 139000000,
        "comprehensiveincomenetoftaxattributabletononcontrollinginterest": 76000000,
        "comprehensiveincomenetoftax": 63000000,
        "earningspersharebasic": 0.3699999999999999,
        "earningspersharediluted": 0.3699999999999999
    },
    {
        "date": "2020-09-29",
        "symbol": "EXC",
        "period": "Q3",
        "revenuefromcontractwithcustomerincludingassessedtax": 4330000000,
        "regulatedoperatingrevenue": -11000000,
        "revenuefromrelatedparties": 1000000,
        "revenues": 8853000000,
        "costdirectmaterial": 2311000000,
        "relatedpartytransactionpurchasesfromrelatedparty": 3000000,
        "utilitiesoperatingexpensemaintenanceoperationsandothercostsandexpenses": 2732000000,
        "relatedpartytransactionexpensesfromtransactionswithrelatedparty": 132000000,
        "costofgoodsandservicessolddepreciationandamortization": 1289000000,
        "taxesexcludingincomeandexcisetaxes": 452000000,
        "costsandexpenses": 8087000000,
        "gainlossonsaleofotherassets": 3000000,
        "operatingincomeloss": 769000000,
        "interestexpense": 398000000,
        "interestexpenserelatedparty": 6000000,
        "othernonoperatingincomeexpense": 421000000,
        "nonoperatingincomeexpense": 17000000,
        "incomelossfromcontinuingoperationsbeforeincometaxesextraordinaryitemsnoncontrollinginterest": 786000000,
        "incometaxexpensebenefit": 216000000,
        "incomelossfromequitymethodinvestmentsnetofdividendsordistributions": -1000000,
        "profitloss": 569000000,
        "netincomelossattributabletononcontrollinginterest": 68000000,
        "netincomelossavailabletocommonstockholdersbasic": 501000000,
        "netincomeloss": 49000000,
        "othercomprehensiveincomelossamortizationadjustmentfromaocipensionandotherpostretirementbenefitplansfornetpriorservicecostcreditnetoftax": -10000000,
        "othercomprehensiveincomelossreclassificationadjustmentfromaocipensionandotherpostretirementbenefitplansfornetgainlossnetoftax": -49000000,
        "othercomprehensiveincomelosspensionandotherpostretirementbenefitplansadjustmentnetoftax": 13000000,
        "othercomprehensiveincomeunrealizedgainlossonderivativesarisingduringperiodnetoftax": -1000000,
        "othercomprehensiveincomeforeigncurrencytransactionandtranslationgainlossarisingduringperiodnetoftax": 3000000,
        "othercomprehensiveincomelossnetoftax": 28000000,
        "comprehensiveincomenetoftaxincludingportionattributabletononcontrollinginterest": 597000000,
        "comprehensiveincomenetoftaxattributabletononcontrollinginterest": 68000000,
        "comprehensiveincomenetoftax": 529000000,
        "weightedaveragenumberofsharesoutstandingbasic": 976000000,
        "incrementalcommonsharesattributabletosharebasedpaymentarrangements": 1000000,
        "weightedaveragenumberofdilutedsharesoutstanding": 977000000,
        "earningspersharebasic": 0.51,
        "earningspersharediluted": 0.51,
        "antidilutivesecuritiesexcludedfromcomputationofearningspershareamount": 1000000
    },
    {
        "date": "2020-06-29",
        "symbol": "EXC",
        "period": "Q2",
        "revenuefromcontractwithcustomerincludingassessedtax": 3611000000,
        "regulatedoperatingrevenue": -122000000,
        "revenuefromrelatedparties": 1000000,
        "revenues": 7322000000,
        "costdirectmaterial": 1945000000,
        "relatedpartytransactionpurchasesfromrelatedparty": -3000000,
        "utilitiesoperatingexpensemaintenanceoperationsandothercostsandexpenses": 2433000000,
        "relatedpartytransactionexpensesfromtransactionswithrelatedparty": 135000000,
        "costofgoodsandservicessolddepreciationandamortization": 1002000000,
        "taxesexcludingincomeandexcisetaxes": 410000000,
        "costsandexpenses": 6769000000,
        "gainlossonsaleofotherassets": 11000000,
        "operatingincomeloss": 564000000,
        "interestexpense": 420000000,
        "interestexpenserelatedparty": 7000000,
        "othernonoperatingincomeexpense": 657000000,
        "nonoperatingincomeexpense": 230000000,
        "incomelossfromcontinuingoperationsbeforeincometaxesextraordinaryitemsnoncontrollinginterest": 794000000,
        "incometaxexpensebenefit": 0,
        "incomelossfromequitymethodinvestmentsnetofdividendsordistributions": -1000000,
        "profitloss": 574000000,
        "netincomelossattributabletononcontrollinginterest": 53000000,
        "netincomelossavailabletocommonstockholdersbasic": 521000000,
        "netincomeloss": 476000000,
        "othercomprehensiveincomelossamortizationadjustmentfromaocipensionandotherpostretirementbenefitplansfornetpriorservicecostcreditnetoftax": -10000000,
        "othercomprehensiveincomelossreclassificationadjustmentfromaocipensionandotherpostretirementbenefitplansfornetgainlossnetoftax": -47000000,
        "othercomprehensiveincomelosspensionandotherpostretirementbenefitplansadjustmentnetoftax": -2000000,
        "othercomprehensiveincomeunrealizedgainlossonderivativesarisingduringperiodnetoftax": 0,
        "othercomprehensiveincomeforeigncurrencytransactionandtranslationgainlossarisingduringperiodnetoftax": 2000000,
        "othercomprehensiveincomelossnetoftax": 41000000,
        "comprehensiveincomenetoftaxincludingportionattributabletononcontrollinginterest": 615000000,
        "comprehensiveincomenetoftaxattributabletononcontrollinginterest": 53000000,
        "comprehensiveincomenetoftax": 562000000,
        "weightedaveragenumberofsharesoutstandingbasic": 0,
        "incrementalcommonsharesattributabletosharebasedpaymentarrangements": 0,
        "weightedaveragenumberofdilutedsharesoutstanding": 0,
        "earningspersharebasic": 0.5299999999999999,
        "earningspersharediluted": 0.5299999999999999
    },
    {
        "date": "2020-03-30",
        "symbol": "EXC",
        "period": "Q1",
        "revenuefromcontractwithcustomerincludingassessedtax": 4403000000,
        "regulatedoperatingrevenue": 67000000,
        "revenuefromrelatedparties": 1000000,
        "revenues": 8747000000,
        "costdirectmaterial": 2710000000,
        "relatedpartytransactionpurchasesfromrelatedparty": -6000000,
        "utilitiesoperatingexpensemaintenanceoperationsandothercostsandexpenses": 2204000000,
        "relatedpartytransactionexpensesfromtransactionswithrelatedparty": 142000000,
        "costofgoodsandservicessolddepreciationandamortization": 1021000000,
        "taxesexcludingincomeandexcisetaxes": 437000000,
        "costsandexpenses": 7529000000,
        "gainlossonsaleofotherassets": 2000000,
        "operatingincomeloss": 1220000000,
        "interestexpense": 404000000,
        "interestexpenserelatedparty": 6000000,
        "othernonoperatingincomeexpense": -725000000,
        "nonoperatingincomeexpense": -1135000000,
        "incomelossfromcontinuingoperationsbeforeincometaxesextraordinaryitemsnoncontrollinginterest": 85000000,
        "incometaxexpensebenefit": -67000000,
        "incomelossfromequitymethodinvestmentsnetofdividendsordistributions": -3000000,
        "profitloss": 376000000,
        "netincomelossattributabletononcontrollinginterest": -206000000,
        "netincomelossavailabletocommonstockholdersbasic": 582000000,
        "netincomeloss": 45000000,
        "othercomprehensiveincomelossamortizationadjustmentfromaocipensionandotherpostretirementbenefitplansfornetpriorservicecostcreditnetoftax": -10000000,
        "othercomprehensiveincomelossreclassificationadjustmentfromaocipensionandotherpostretirementbenefitplansfornetgainlossnetoftax": -47000000,
        "othercomprehensiveincomelosspensionandotherpostretirementbenefitplansadjustmentnetoftax": 7000000,
        "othercomprehensiveincomeunrealizedgainlossonderivativesarisingduringperiodnetoftax": -1000000,
        "othercomprehensiveincomeforeigncurrencytransactionandtranslationgainlossarisingduringperiodnetoftax": -8000000,
        "othercomprehensiveincomelossnetoftax": 21000000,
        "comprehensiveincomenetoftaxincludingportionattributabletononcontrollinginterest": 397000000,
        "comprehensiveincomenetoftaxattributabletononcontrollinginterest": -206000000,
        "comprehensiveincomenetoftax": 603000000,
        "weightedaveragenumberofsharesoutstandingbasic": 975000000,
        "incrementalcommonsharesattributabletosharebasedpaymentarrangements": 1000000,
        "weightedaveragenumberofdilutedsharesoutstanding": 976000000,
        "earningspersharebasic": 0.6,
        "earningspersharediluted": 0.6
    },
    {
        "date": "2019-09-29",
        "symbol": "EXC",
        "period": "Q3",
        "revenuefromcontractwithcustomerincludingassessedtax": 4499000000,
        "regulatedoperatingrevenue": -80000000,
        "revenuefromrelatedparties": 275000000,
        "revenues": 8929000000,
        "costdirectmaterial": 2648000000,
        "relatedpartytransactionpurchasesfromrelatedparty": 3000000,
        "utilitiesoperatingexpensemaintenanceoperationsandothercostsandexpenses": 2072000000,
        "relatedpartytransactionexpensesfromtransactionswithrelatedparty": 140000000,
        "costofgoodsandservicessolddepreciationandamortization": 1083000000,
        "taxesexcludingincomeandexcisetaxes": 452000000,
        "costsandexpenses": 7559000000,
        "gainlossonsaleofotherassets": -17000000,
        "operatingincomeloss": 1353000000,
        "interestexpense": 403000000,
        "interestexpenserelatedparty": 6000000,
        "othernonoperatingincomeexpense": 158000000,
        "nonoperatingincomeexpense": -251000000,
        "incomelossfromcontinuingoperationsbeforeincometaxesextraordinaryitemsnoncontrollinginterest": 1102000000,
        "incometaxexpensebenefit": 172000000,
        "incomelossfromequitymethodinvestmentsnetofdividendsordistributions": -170000000,
        "profitloss": 760000000,
        "netincomelossattributabletononcontrollinginterest": 96000000,
        "netincomelossavailabletocommonstockholdersbasic": 772000000,
        "netincomeloss": 257000000,
        "othercomprehensiveincomelossamortizationadjustmentfromaocipensionandotherpostretirementbenefitplansfornetpriorservicecostcreditnetoftax": -16000000,
        "othercomprehensiveincomelossreclassificationadjustmentfromaocipensionandotherpostretirementbenefitplansfornetgainlossnetoftax": -37000000,
        "othercomprehensiveincomelosspensionandotherpostretirementbenefitplansadjustmentnetoftax": -6000000,
        "othercomprehensiveincomeunrealizedincomelossonequityinvestmentsarisingduringperiodnetoftax": 5000000,
        "othercomprehensiveincomeforeigncurrencytransactionandtranslationgainlossarisingduringperiodnetoftax": -2000000,
        "othercomprehensiveincomelossnetoftax": 30000000,
        "comprehensiveincomenetoftaxincludingportionattributabletononcontrollinginterest": 790000000,
        "comprehensiveincomenetoftaxattributabletononcontrollinginterest": -9000000,
        "comprehensiveincomenetoftax": 799000000,
        "weightedaveragenumberofsharesoutstandingbasic": 973000000,
        "incrementalcommonsharesattributabletosharebasedpaymentarrangements": 1000000,
        "weightedaveragenumberofdilutedsharesoutstanding": 974000000,
        "earningspersharebasic": 0.79,
        "earningspersharediluted": 0.79
    },
    {
        "date": "2019-06-29",
        "symbol": "EXC",
        "period": "Q2",
        "revenuefromcontractwithcustomerincludingassessedtax": 3959000000,
        "regulatedoperatingrevenue": -13000000,
        "revenuefromrelatedparties": 252000000,
        "revenues": 7689000000,
        "costdirectmaterial": 2289000000,
        "relatedpartytransactionpurchasesfromrelatedparty": 3000000,
        "utilitiesoperatingexpensemaintenanceoperationsandothercostsandexpenses": 2159000000,
        "relatedpartytransactionexpensesfromtransactionswithrelatedparty": 149000000,
        "costofgoodsandservicessolddepreciationandamortization": 1079000000,
        "taxesexcludingincomeandexcisetaxes": 418000000,
        "costsandexpenses": 6881000000,
        "gainlossonsaleofotherassets": 33000000,
        "operatingincomeloss": 841000000,
        "interestexpense": 403000000,
        "interestexpenserelatedparty": 6000000,
        "othernonoperatingincomeexpense": 212000000,
        "nonoperatingincomeexpense": -197000000,
        "incomelossfromcontinuingoperationsbeforeincometaxesextraordinaryitemsnoncontrollinginterest": 644000000,
        "incometaxexpensebenefit": 144000000,
        "incomelossfromequitymethodinvestmentsnetofdividendsordistributions": -6000000,
        "profitloss": 494000000,
        "netincomelossattributabletononcontrollinginterest": 10000000,
        "netincomelossavailabletocommonstockholdersbasic": 484000000,
        "netincomeloss": 108000000,
        "othercomprehensiveincomelossamortizationadjustmentfromaocipensionandotherpostretirementbenefitplansfornetpriorservicecostcreditnetoftax": -16000000,
        "othercomprehensiveincomelossreclassificationadjustmentfromaocipensionandotherpostretirementbenefitplansfornetgainlossnetoftax": -36000000,
        "othercomprehensiveincomeunrealizedgainlossonderivativesarisingduringperiodnetoftax": -1000000,
        "othercomprehensiveincomeunrealizedincomelossonequityinvestmentsarisingduringperiodnetoftax": -2000000,
        "othercomprehensiveincomeforeigncurrencytransactionandtranslationgainlossarisingduringperiodnetoftax": 3000000,
        "othercomprehensiveincomelossnetoftax": 21000000,
        "comprehensiveincomenetoftaxincludingportionattributabletononcontrollinginterest": 515000000,
        "comprehensiveincomenetoftaxattributabletononcontrollinginterest": 9000000,
        "comprehensiveincomenetoftax": 506000000,
        "weightedaveragenumberofsharesoutstandingbasic": 972000000,
        "incrementalcommonsharesattributabletosharebasedpaymentarrangements": 2000000,
        "weightedaveragenumberofdilutedsharesoutstanding": 974000000,
        "earningspersharebasic": 0.5,
        "earningspersharediluted": 0.5
    },
    {
        "date": "2018-06-29",
        "symbol": "EXC",
        "period": "Q2",
        "electricalgenerationrevenue": 4306000000,
        "regulatedoperatingrevenue": 3797000000,
        "electricutilityrevenue": 523000000,
        "gasdomesticregulatedrevenue": 28000000,
        "revenuefromcontractwithcustomerincludingassessedtax": -10000000,
        "revenuefromrelatedparties": 487000000,
        "revenues": 4579000000,
        "costofgoodsandservicesenergycommoditiesandservices": 2277000000,
        "costofpurchasedpower": 2277000000,
        "utilitiesoperatingexpensepurchasedpower": 94000000,
        "utilitiesoperatingexpensegasandpetroleumpurchased": 12000000,
        "relatedpartytransactionpurchasesfromrelatedparty": 46000000,
        "utilitiesoperatingexpensemaintenanceoperationsandothercostsandexpenses": 60000000,
        "relatedpartytransactionexpensesfromtransactionswithrelatedparty": 56000000,
        "otherdepreciationandamortization": 92000000,
        "taxesexcludingincomeandexcisetaxes": 90000000,
        "costsandexpenses": 438000000,
        "gainlossonsaleofotherassets": 1000000,
        "operatingincomeloss": 85000000,
        "interestexpense": 32000000,
        "interestexpenserelatedparty": 4000000,
        "othernonoperatingincomeexpense": 8000000,
        "nonoperatingincomeexpense": -24000000,
        "incomelossfromcontinuingoperationsbeforeincometaxesextraordinaryitemsnoncontrollinginterest": 61000000,
        "incometaxexpensebenefit": 7000000,
        "incomelossfromequitymethodinvestmentsnetofdividendsordistributions": -5000000,
        "profitloss": 54000000,
        "netincomelossattributabletononcontrollinginterest": 3000000,
        "netincomelossavailabletocommonstockholdersbasic": 539000000,
        "netincomeloss": 178000000,
        "othercomprehensiveincomelossamortizationadjustmentfromaocipensionandotherpostretirementbenefitplansfornetpriorservicecostcreditnetoftax": -17000000,
        "othercomprehensiveincomelossreclassificationadjustmentfromaocipensionandotherpostretirementbenefitplansfornetgainlossnetoftax": -61000000,
        "othercomprehensiveincomelosspensionandotherpostretirementbenefitplansadjustmentnetoftax": 1000000,
        "othercomprehensiveincomeunrealizedgainlossonderivativesarisingduringperiodnetoftax": 5000000,
        "othercomprehensiveincomeunrealizedincomelossonequityinvestmentsarisingduringperiodnetoftax": 2000000,
        "othercomprehensiveincomeforeigncurrencytransactionandtranslationgainlossarisingduringperiodnetoftax": -5000000,
        "othercomprehensiveincomelossnetoftax": 2000000,
        "comprehensiveincomenetoftaxincludingportionattributabletononcontrollinginterest": 54000000,
        "comprehensiveincomenetoftaxattributabletononcontrollinginterest": 4000000,
        "comprehensiveincomenetoftax": 84000000,
        "weightedaveragenumberofsharesoutstandingbasic": 967000000,
        "weightedaveragenumberofdilutedsharesoutstanding": 969000000,
        "earningspersharebasic": 0.56,
        "earningspersharediluted": 0.56,
        "commonstockdividendspersharecashpaid": 0.35
    },
    {
        "date": "2016-06-29",
        "symbol": "EXC",
        "period": "Q2",
        "gainlossondispositionofassets1": 8000000,
        "electricalgenerationrevenue": 3231000000,
        "gasdomesticregulatedrevenue": 26000000,
        "electricaltransmissionanddistributionrevenue": 1283000000,
        "revenuefromrelatedparties": 1000000,
        "regulatedoperatingrevenue": 3676000000,
        "electricutilityrevenue": 1030000000,
        "revenues": 3589000000,
        "costofgoodsandservicesenergycommoditiesandservices": 1576000000,
        "costofpurchasedpower": 64000000,
        "utilitiesoperatingexpensepurchasedpower": 130000000,
        "costofgoodsandservicesenergycommoditiesandservicesfromaffiliate": 2000000,
        "costofpurchasedpoweraffiliate": 88000000,
        "utilitiesoperatingexpensefuelused": 9000000,
        "othercostandexpenseoperating": 100000000,
        "relatedpartytransactionexpensesfromtransactionswithrelatedparty": 9000000,
        "otherdepreciationandamortization": 70000000,
        "taxesexcludingincomeandexcisetaxes": 89000000,
        "costsandexpenses": 420000000,
        "gainlossonsalesofassetsandassetimpairmentcharges": 31000000,
        "operatingincomeloss": 97000000,
        "interestexpense": 31000000,
        "interestexpenserelatedparty": 3000000,
        "othernonoperatingincomeexpense": 6000000,
        "nonoperatingincomeexpense": -25000000,
        "incomelossfromcontinuingoperationsbeforeincometaxesdomestic": -56000000,
        "incometaxexpensebenefit": -22000000,
        "incomelossfromequitymethodinvestmentsnetofdividendsordistributions": -8000000,
        "profitloss": 52000000,
        "dividendspreferredstock": 3000000,
        "incomelossattributabletononcontrollinginterest": 36000000,
        "netincomelossattributabletononcontrollinginterestandpreferredstockdividendsandotheradjustments": 39000000,
        "incomelossincludingportionattributabletononcontrollinginterest": -8000000,
        "netincomelossavailabletocommonstockholdersbasic": 31000000,
        "othercomprehensiveincomelossamortizationadjustmentfromaocipensionandotherpostretirementbenefitplansfornetpriorservicecostcreditnetoftax": -12000000,
        "othercomprehensiveincomelossreclassificationadjustmentfromaocipensionandotherpostretirementbenefitplansfornetgainlossnetoftax": -46000000,
        "othercomprehensiveincomepensionandnonpensionpostretirementbenefitplanvaluationadjustmentnetoftax": 1000000,
        "othercomprehensiveincomeunrealizedgainlossonderivativesarisingduringperiodnetoftax": 1000000,
        "othercomprehensiveincomeunrealizedincomelossonequityinvestmentsarisingduringperiodnetoftax": -2000000,
        "othercomprehensiveincomeunrealizedholdinggainlossonsecuritiesarisingduringperiodnetoftax": 1000000,
        "othercomprehensiveincomelossnetoftax": 31000000,
        "comprehensiveincomenetoftax": 49000000,
        "comprehensiveincomenetoftaxattributabletononcontrollinginterest": 36000000,
        "comprehensiveincomenetoftaxincludingportionattributabletononcontrollinginterest": -8000000,
        "weightedaveragenumberofsharesoutstandingbasic": 924000000,
        "weightedaveragenumberofdilutedsharesoutstanding": 926000000,
        "earningspersharebasic": 0.29,
        "earningspersharediluted": 0.29,
        "commonstockdividendspersharecashpaid": 0.318
    },
    {
        "date": "2015-09-29",
        "symbol": "EXC",
        "period": "Q3",
        "electricalgenerationrevenue": 4562000000,
        "electricaltransmissionanddistributionrevenue": 1375000000,
        "utilityrevenue": 739000000,
        "revenuefromrelatedparties": 1000000,
        "revenues": 4768000000,
        "costofgoodsandservicesenergycommoditiesandservicesfromaffiliate": 3000000,
        "costofgoodsandservicesenergycommoditiesandservices": 217000000,
        "costofpurchasedpower": 2516000000,
        "costofpurchasedpoweraffiliate": 61000000,
        "othercostandexpenseoperating": 166000000,
        "relatedpartytransactionexpensesfromtransactionswithrelatedparty": 30000000,
        "otherdepreciationandamortization": 68000000,
        "taxesexcludingincomeandexcisetaxes": 44000000,
        "costsandexpenses": 586000000,
        "gainlossonsalesofassetsandassetimpairmentcharges": 1000000,
        "gainlossondispositionofassets1": 1000000,
        "operatingincomeloss": 154000000,
        "interestexpense": 25000000,
        "interestexpenserelatedparty": 3000000,
        "othernonoperatingincomeexpense": 1000000,
        "nonoperatingincomeexpense": -27000000,
        "incomelossfromcontinuingoperationsbeforeincometaxesdomestic": -4000000,
        "incometaxexpensebenefit": -1000000,
        "incomelossfromequitymethodinvestmentsnetofdividendsordistributions": -1000000,
        "profitloss": -3000000,
        "dividendspreferredstock": 3000000,
        "incomelossattributabletononcontrollinginterest": -45000000,
        "netincomelossattributabletononcontrollinginterestandpreferredstockdividendsandotheradjustments": -42000000,
        "incomelossincludingportionattributabletononcontrollinginterest": 377000000,
        "netincomelossavailabletocommonstockholdersbasic": 90000000,
        "othercomprehensiveincomelossamortizationadjustmentfromaocipensionandotherpostretirementbenefitplansfornetpriorservicecostcreditnetoftax": -11000000,
        "othercomprehensiveincomelossreclassificationadjustmentfromaocipensionandotherpostretirementbenefitplansfornetgainlossnetoftax": -55000000,
        "othercomprehensiveincomeunrealizedgainlossonderivativesarisingduringperiodnetoftax": -3000000,
        "othercomprehensiveincomeforeigncurrencytransactionandtranslationgainlossarisingduringperiodnetoftax": -8000000,
        "othercomprehensiveincomeunrealizedholdinggainlossonsecuritiesarisingduringperiodnetoftax": -2000000,
        "othercomprehensiveincomelossnetoftax": -13000000,
        "comprehensiveincomenetoftax": 90000000,
        "weightedaveragenumberofsharesoutstandingbasic": 913000000,
        "weightedaveragenumberofdilutedsharesoutstanding": 915000000,
        "earningspersharebasic": 0.69,
        "earningspersharediluted": 0.69,
        "commonstockdividendspersharecashpaid": 0.31
    },
    {
        "date": "2010-06-29",
        "symbol": "EXC",
        "period": "Q2",
        "electricalgenerationrevenue": 1627000000,
        "electricaltransmissionanddistributionrevenue": 1499000000,
        "utilityrevenue": 1267000000,
        "relatedpartytransactionrevenuesfromtransactionswithrelatedparty": 0,
        "revenues": 1459000000,
        "costofpurchasedpower": 69000000,
        "costofpurchasedpoweraffiliate": 166000000,
        "fuelcosts": 529000000,
        "othercostandexpenseoperating": 1127000000,
        "relatedpartytransactionexpensesfromtransactionswithrelatedparty": 22000000,
        "othercostandexpenseoperatingregulatoryrequiredprograms": 32000000,
        "otherdepreciationandamortization": -42000000,
        "taxesexcludingincomeandexcisetaxes": 46000000,
        "costsandexpenses": 2009000000,
        "operatingincomeloss": 1309000000,
        "interestexpense": 30000000,
        "interestexpensetoaffiliatesnet": 4000000,
        "othernonoperatingincomeexpense": 7000000,
        "nonoperatingincomeexpense": -85000000,
        "incomelossfromcontinuingoperationsbeforeincometaxesdomestic": 1224000000,
        "incometaxexpensebenefit": 382000000,
        "netincomeloss": 75000000,
        "preferredstockdividends": 1000000,
        "netincomelossavailabletocommonstockholdersbasic": 74000000,
        "othercomprehensiveincomeamortizationofdefinedbenefitplannetpriorservicecostrecognizedinnetperiodicpensioncostnetoftax": -3000000,
        "othercomprehensiveincomereclassificationofdefinedbenefitplansnetgainlossrecognizedinnetperiodicbenefitcostnetoftax": 26000000,
        "othercomprehensiveincomereclassificationofdefinedbenefitplannettransitionassetobligationrecognizedinnetperiodicbenefitcostnetoftax": 1000000,
        "othercomprehensiveincomepensionandnonpensionpostretirementbenefitplanvaluationadjustmentnetoftax": -2000000,
        "othercomprehensiveincomeunrealizedgainlossonderivativesarisingduringperiodnetoftax": -545000000,
        "othercomprehensiveincomelossnetoftaxperiodincreasedecrease": -545000000,
        "comprehensiveincomenetoftax": 848000000,
        "weightedaveragenumberofsharesoutstandingbasic": 0,
        "weightedaveragenumberofdilutedsharesoutstanding": 0,
        "earningspersharebasic": 0.6800000000000002,
        "earningspersharediluted": 0.6700000000000002,
        "commonstockdividendspersharecashpaid": 0.52
    },
    {
        "date": "2010-03-30",
        "symbol": "EXC",
        "period": "Q1",
        "othercomprehensiveincomeamortizationofdefinedbenefitplannetpriorservicecostrecognizedinnetperiodicpensioncostnetoftax": -3000000,
        "othercomprehensiveincomereclassificationofdefinedbenefitplansnetgainlossrecognizedinnetperiodicbenefitcostnetoftax": 31000000,
        "othercomprehensiveincomereclassificationofdefinedbenefitplannettransitionassetobligationrecognizedinnetperiodicbenefitcostnetoftax": 1000000,
        "othercomprehensiveincomepensionandnonpensionpostretirementbenefitplanvaluationadjustmentnetoftax": 18000000,
        "othercomprehensiveincomeunrealizedgainlossonderivativesarisingduringperiodnetoftax": 551000000,
        "othercomprehensiveincomelossnetoftaxperiodincreasedecrease": 551000000,
        "weightedaveragenumberofsharesoutstandingbasic": 661000000,
        "weightedaveragenumberofdilutedsharesoutstanding": 662000000,
        "costofpurchasedpower": 66000000,
        "costofpurchasedpoweraffiliate": 458000000,
        "fuelcosts": 211000000,
        "othercostandexpenseoperating": 158000000,
        "relatedpartytransactionexpensesfromtransactionswithrelatedparty": 23000000,
        "othercostandexpenseoperatingregulatoryrequiredprograms": 8000000,
        "otherdepreciationandamortization": 265000000,
        "taxesexcludingincomeandexcisetaxes": 72000000,
        "costsandexpenses": 1261000000,
        "earningspersharebasic": 1.13,
        "earningspersharediluted": 1.13,
        "interestexpense": 42000000,
        "interestexpensetoaffiliatesnet": 3000000,
        "othernonoperatingincomeexpense": 4000000,
        "nonoperatingincomeexpense": -41000000,
        "electricalgenerationrevenue": 1594000000,
        "electricaltransmissionanddistributionrevenue": 1414000000,
        "utilityrevenue": 1454000000,
        "relatedpartytransactionrevenuesfromtransactionswithrelatedparty": 1000000,
        "revenues": 1455000000,
        "operatingincomeloss": 194000000,
        "incomelossfromcontinuingoperationsbeforeincometaxesdomestic": 153000000,
        "incometaxexpensebenefit": 52000000,
        "netincomeloss": 101000000,
        "preferredstockdividends": 1000000,
        "netincomelossavailabletocommonstockholdersbasic": 100000000,
        "comprehensiveincomenetoftax": 101000000,
        "commonstockdividendspersharecashpaid": 0.53
    },
    {
        "date": "2009-06-29",
        "symbol": "EXC",
        "period": "Q2",
        "utilityrevenue": 4141000000,
        "costofpurchasedpower": 921000000,
        "fuelcosts": 460000000,
        "othercostandexpenseoperating": 1110000000,
        "othercostandexpenseoperatingregulatoryrequiredprograms": 14000000,
        "depreciationandamortization": 439000000,
        "taxesotherthanincomeexciseproductionandpropertytaxes": 180000000,
        "costsandexpenses": 3124000000,
        "operatingincomeloss": 1017000000,
        "interestexpense": 159000000,
        "interestexpensetoaffiliatesnet": 21000000,
        "incomelossfromequitymethodinvestments": -6000000,
        "othernonoperatingincomeexpense": 257000000,
        "nonoperatingincomeexpense": 71000000,
        "incomelossfromcontinuingoperationsbeforeincometaxesdomestic": 1088000000,
        "incometaxexpensebenefit": 430000000,
        "incomelossfromcontinuingoperations": 658000000,
        "discontinuedoperationincomelossfromdiscontinuedoperationduringphaseoutperiodnetoftax": -1000000,
        "incomelossfromdiscontinuedoperationsnetoftax": -1000000,
        "netincomeloss": 657000000,
        "othercomprehensiveincomeamortizationofdefinedbenefitplannetpriorservicecostrecognizedinnetperiodicpensioncostnetoftax": 2000000,
        "othercomprehensiveincomereclassificationofdefinedbenefitplansnetgainlossrecognizedinnetperiodicbenefitcostnetoftax": 17000000,
        "othercomprehensiveincomeunrealizedgainlossonderivativesarisingduringperiodnetoftax": -220000000,
        "othercomprehensiveincomeunrealizedholdinggainlossonsecuritiesarisingduringperiodnetoftax": 8000000,
        "othercomprehensiveincomelossnetoftaxperiodincreasedecrease": -193000000,
        "comprehensiveincomenetoftax": 464000000,
        "weightedaveragenumberofsharesoutstandingbasic": 659000000,
        "weightedaveragenumberofdilutedsharesoutstanding": 661000000,
        "incomelossfromcontinuingoperationsperbasicshare": 1,
        "earningspersharebasic": 1,
        "incomelossfromcontinuingoperationsperdilutedshare": 0.99,
        "earningspersharediluted": 0.99,
        "commonstockdividendspersharecashpaid": 0.53
    }
]