[
    {
        "date": "2024-09-29",
        "symbol": "BRO",
        "period": "Q3",
        "insurancecommissionsandfees": 1154000000,
        "investmentincomenonoperating": 31000000,
        "otherincome": 1000000,
        "revenues": 1186000000,
        "employeecompensationandbenefits": 607000000,
        "othercostandexpenseoperating": 165000000,
        "gainlossondispositionofassets1": 1000000,
        "adjustmentforamortization": 44000000,
        "depreciation": 11000000,
        "businesscombinationcontingentconsiderationarrangementschangeinamountofcontingentconsiderationliability1": -8000000,
        "operatingexpenses": 868000000,
        "incomelossfromcontinuingoperationsbeforeincometaxesextraordinaryitemsnoncontrollinginterest": 318000000,
        "incometaxexpensebenefit": 79000000,
        "profitloss": 239000000,
        "netincomeloss": 233000000,
        "earningspersharebasic": 0.8200000000000001,
        "earningspersharediluted": 0.81,
        "othercomprehensiveincomeforeigncurrencytransactionandtranslationgainlossarisingduringperiodnetoftax": 172000000,
        "comprehensiveincomenetoftax": 405000000
    },
    {
        "date": "2024-06-29",
        "symbol": "BRO",
        "period": "Q2",
        "insurancecommissionsandfees": 1154000000,
        "investmentincomenonoperating": 22000000,
        "otherincome": 2000000,
        "revenues": 1178000000,
        "employeecompensationandbenefits": 585000000,
        "othercostandexpenseoperating": 173000000,
        "gainlossondispositionofassets1": 31000000,
        "adjustmentforamortization": 44000000,
        "depreciation": 11000000,
        "interestexpense": 49000000,
        "businesscombinationcontingentconsiderationarrangementschangeinamountofcontingentconsiderationliability1": 1000000,
        "operatingexpenses": 832000000,
        "incomelossfromcontinuingoperationsbeforeincometaxesextraordinaryitemsnoncontrollinginterest": 346000000,
        "incometaxexpensebenefit": 87000000,
        "profitloss": 259000000,
        "netincomelossattributabletononcontrollinginterest": 2000000,
        "netincomeloss": 257000000,
        "earningspersharebasic": 0.9,
        "earningspersharediluted": 0.9,
        "othercomprehensiveincomeforeigncurrencytransactionandtranslationgainlossarisingduringperiodnetoftax": 4000000,
        "comprehensiveincomenetoftax": 261000000
    },
    {
        "date": "2024-03-30",
        "symbol": "BRO",
        "period": "Q1",
        "insurancecommissionsandfees": 1237000000,
        "investmentincomenonoperating": 18000000,
        "otherincome": 3000000,
        "revenues": 1258000000,
        "employeecompensationandbenefits": 631000000,
        "othercostandexpenseoperating": 161000000,
        "gainlossondispositionofassets1": -2000000,
        "adjustmentforamortization": 43000000,
        "depreciation": 11000000,
        "interestexpense": 48000000,
        "businesscombinationcontingentconsiderationarrangementschangeinamountofcontingentconsiderationliability1": -2000000,
        "operatingexpenses": 894000000,
        "incomelossfromcontinuingoperationsbeforeincometaxesextraordinaryitemsnoncontrollinginterest": 364000000,
        "incometaxexpensebenefit": 71000000,
        "profitloss": 293000000,
        "netincomeloss": 293000000,
        "earningspersharebasic": 1.03,
        "earningspersharediluted": 1.02,
        "othercomprehensiveincomeforeigncurrencytransactionandtranslationgainlossarisingduringperiodnetoftax": -32000000,
        "comprehensiveincomenetoftax": 261000000
    },
    {
        "date": "2023-12-30",
        "symbol": "BRO",
        "period": "Q4",
        "insurancecommissionsandfees": 1006200000,
        "investmentincomenonoperating": 22900000,
        "otherincome": 3200000,
        "revenues": 3177200000,
        "employeecompensationandbenefits": 553700000,
        "othercostandexpenseoperating": 159500000,
        "gainlossondispositionofassets1": 134400000,
        "adjustmentforamortization": 122300000,
        "depreciation": 26500000,
        "interestexpense": 116300000,
        "businesscombinationcontingentconsiderationarrangementschangeinamountofcontingentconsiderationliability1": -7600000,
        "operatingexpenses": 670900000,
        "incomelossfromcontinuingoperationsbeforeincometaxesextraordinaryitemsnoncontrollinginterest": 942300000,
        "incometaxexpensebenefit": 86500000,
        "netincomeloss": 268700000,
        "earningspersharebasic": 0.9499999999999998,
        "earningspersharediluted": 0.9299999999999998,
        "commonstockdividendspersharedeclared": 0.135,
        "profitloss": 268700000,
        "othercomprehensiveincomeforeigncurrencytransactionandtranslationgainlossarisingduringperiodnetoftax": 108000000,
        "othercomprehensiveincomelossavailableforsalesecuritiesadjustmentnetoftax": 500000,
        "comprehensiveincomenetoftax": 377200000
    },
    {
        "date": "2023-09-29",
        "symbol": "BRO",
        "period": "Q3",
        "insurancecommissionsandfees": 1049300000,
        "investmentincomenonoperating": 16600000,
        "otherincome": 1800000,
        "revenues": 1067700000,
        "employeecompensationandbenefits": 531600000,
        "othercostandexpenseoperating": 167700000,
        "gainlossondispositionofassets1": 2800000,
        "adjustmentforamortization": 41100000,
        "depreciation": 10400000,
        "interestexpense": 47500000,
        "businesscombinationcontingentconsiderationarrangementschangeinamountofcontingentconsiderationliability1": 29900000,
        "operatingexpenses": 825400000,
        "incomelossfromcontinuingoperationsbeforeincometaxesextraordinaryitemsnoncontrollinginterest": 242300000,
        "incometaxexpensebenefit": 66400000,
        "netincomeloss": 175900000,
        "earningspersharebasic": 0.62,
        "earningspersharediluted": 0.62,
        "commonstockdividendspersharedeclared": 0.115,
        "profitloss": 175900000,
        "othercomprehensiveincomeforeigncurrencytransactionandtranslationgainlossarisingduringperiodnetoftax": -77200000,
        "othercomprehensiveincomelossavailableforsalesecuritiesadjustmentnetoftax": 100000,
        "comprehensiveincomenetoftax": 98800000
    },
    {
        "date": "2023-06-29",
        "symbol": "BRO",
        "period": "Q2",
        "insurancecommissionsandfees": 1035900000.0000001,
        "investmentincomenonoperating": 7500000,
        "otherincome": 100000,
        "revenues": 7200000,
        "employeecompensationandbenefits": 530200000.00000006,
        "othercostandexpenseoperating": 162000000,
        "gainlossondispositionofassets1": 400000,
        "adjustmentforamortization": 1300000,
        "depreciation": 1600000,
        "interestexpense": 14200000,
        "businesscombinationcontingentconsiderationarrangementschangeinamountofcontingentconsiderationliability1": 1800000,
        "operatingexpenses": 792900000,
        "incomelossfromcontinuingoperationsbeforeincometaxesextraordinaryitemsnoncontrollinginterest": -12800000,
        "incometaxexpensebenefit": 64000000,
        "netincomeloss": 190400000,
        "earningspersharebasic": 0.67,
        "earningspersharediluted": 0.67,
        "commonstockdividendspersharedeclared": 0.115,
        "profitloss": 190400000,
        "othercomprehensiveincomeforeigncurrencytransactionandtranslationgainlossarisingduringperiodnetoftax": 50700000,
        "othercomprehensiveincomelossavailableforsalesecuritiesadjustmentnetoftax": -200000,
        "comprehensiveincomenetoftax": 240900000
    },
    {
        "date": "2023-03-30",
        "symbol": "BRO",
        "period": "Q1",
        "insurancecommissionsandfees": 1108000000,
        "investmentincomenonoperating": 5400000,
        "otherincome": 200000,
        "revenues": 5000000,
        "employeecompensationandbenefits": 571100000,
        "othercostandexpenseoperating": 160700000,
        "gainlossondispositionofassets1": 5700000,
        "adjustmentforamortization": 1300000,
        "depreciation": 1500000,
        "interestexpense": 12000000,
        "businesscombinationcontingentconsiderationarrangementschangeinamountofcontingentconsiderationliability1": -2300000,
        "operatingexpenses": 821800000,
        "incomelossfromcontinuingoperationsbeforeincometaxesextraordinaryitemsnoncontrollinginterest": -25700000,
        "incometaxexpensebenefit": 58700000,
        "netincomeloss": 235500000,
        "earningspersharebasic": 0.83,
        "earningspersharediluted": 0.83,
        "commonstockdividendspersharedeclared": 0.115,
        "profitloss": 235500000,
        "othercomprehensiveincomeforeigncurrencytransactionandtranslationgainlossarisingduringperiodnetoftax": 47100000,
        "othercomprehensiveincomelossavailableforsalesecuritiesadjustmentnetoftax": 300000,
        "comprehensiveincomenetoftax": 282900000
    },
    {
        "date": "2022-12-30",
        "symbol": "BRO",
        "period": "Q4",
        "insurancecommissionsandfees": 895000000,
        "investmentincomenonoperating": 3800000,
        "otherincome": 600000,
        "revenues": -128500000.00000001,
        "employeecompensationandbenefits": 475600000,
        "othercostandexpenseoperating": 146200000,
        "adjustmentforamortization": 5200000,
        "depreciation": 1700000,
        "interestexpense": 7400000,
        "businesscombinationcontingentconsiderationarrangementschangeinamountofcontingentconsiderationliability1": -5800000,
        "operatingexpenses": 707100000,
        "incomelossfromcontinuingoperationsbeforeincometaxesextraordinaryitemsnoncontrollinginterest": -5800000,
        "incometaxexpensebenefit": 49100000,
        "netincomeloss": 145200000,
        "earningspersharebasic": 0.5199999999999998,
        "earningspersharediluted": 0.52,
        "commonstockdividendspersharedeclared": 0.11099999999999997,
        "profitloss": 145200000,
        "othercomprehensiveincomeforeigncurrencytransactionandtranslationgainlossarisingduringperiodnetoftax": 167000000,
        "othercomprehensiveincomelossavailableforsalesecuritiesadjustmentnetoftax": 100000,
        "comprehensiveincomenetoftax": 312300000
    },
    {
        "date": "2022-09-29",
        "symbol": "BRO",
        "period": "Q3",
        "insurancecommissionsandfees": 925200000,
        "investmentincomenonoperating": 700000,
        "otherincome": -100000,
        "revenues": 112900000.00000001,
        "employeecompensationandbenefits": 470200000,
        "othercostandexpenseoperating": 169800000,
        "gainlossondispositionofassets1": 0,
        "adjustmentforamortization": -2700000,
        "depreciation": 1600000,
        "interestexpense": 4800000,
        "businesscombinationcontingentconsiderationarrangementschangeinamountofcontingentconsiderationliability1": -26700000,
        "operatingexpenses": 709600000,
        "incomelossfromcontinuingoperationsbeforeincometaxesextraordinaryitemsnoncontrollinginterest": -4100000,
        "incometaxexpensebenefit": 56900000,
        "netincomeloss": 161100000,
        "earningspersharebasic": 0.5700000000000001,
        "earningspersharediluted": 0.5700000000000001,
        "commonstockdividendspersharedeclared": 0.10300000000000002,
        "profitloss": 161100000,
        "othercomprehensiveincomeforeigncurrencytransactionandtranslationgainlossarisingduringperiodnetoftax": -172300000,
        "othercomprehensiveincomelossavailableforsalesecuritiesadjustmentnetoftax": -400000,
        "comprehensiveincomenetoftax": -11600000
    },
    {
        "date": "2022-06-29",
        "symbol": "BRO",
        "period": "Q2",
        "insurancecommissionsandfees": 838700000,
        "investmentincomenonoperating": 200000,
        "otherincome": 100000,
        "revenues": 20300000,
        "employeecompensationandbenefits": 412100000,
        "othercostandexpenseoperating": 154000000,
        "gainlossondispositionofassets1": 700000,
        "adjustmentforamortization": 1300000,
        "depreciation": 1800000,
        "interestexpense": -1700000,
        "businesscombinationcontingentconsiderationarrangementschangeinamountofcontingentconsiderationliability1": -3000000,
        "operatingexpenses": 640900000,
        "incomelossfromcontinuingoperationsbeforeincometaxesextraordinaryitemsnoncontrollinginterest": -600000,
        "incometaxexpensebenefit": 53600000,
        "netincomeloss": 145200000,
        "earningspersharebasic": 0.51,
        "earningspersharediluted": 0.51,
        "commonstockdividendspersharedeclared": 0.103,
        "profitloss": 145200000,
        "othercomprehensiveincomeforeigncurrencytransactionandtranslationgainlossarisingduringperiodnetoftax": -130100000,
        "othercomprehensiveincomelossavailableforsalesecuritiesadjustmentnetoftax": -300000,
        "comprehensiveincomenetoftax": 14800000
    },
    {
        "date": "2022-03-30",
        "symbol": "BRO",
        "period": "Q1",
        "insurancecommissionsandfees": 904300000,
        "investmentincomenonoperating": 100000,
        "otherincome": 100000,
        "revenues": -400000,
        "employeecompensationandbenefits": 459000000,
        "othercostandexpenseoperating": 126800000,
        "gainlossondispositionofassets1": 200000,
        "adjustmentforamortization": 1300000,
        "depreciation": 1700000,
        "interestexpense": -11600000,
        "businesscombinationcontingentconsiderationarrangementschangeinamountofcontingentconsiderationliability1": -3400000,
        "operatingexpenses": 639700000,
        "incomelossfromcontinuingoperationsbeforeincometaxesextraordinaryitemsnoncontrollinginterest": 7000000,
        "incometaxexpensebenefit": 44700000,
        "netincomeloss": 220300000,
        "earningspersharebasic": 0.78,
        "earningspersharediluted": 0.77,
        "commonstockdividendspersharedeclared": 0.103,
        "profitloss": 220300000,
        "othercomprehensiveincomeforeigncurrencytransactionandtranslationgainlossarisingduringperiodnetoftax": -2100000,
        "othercomprehensiveincomelossavailableforsalesecuritiesadjustmentnetoftax": -900000,
        "comprehensiveincomenetoftax": 217300000
    },
    {
        "date": "2021-12-30",
        "symbol": "BRO",
        "period": "Q4",
        "insurancecommissionsandfees": 737912000,
        "investmentincomenonoperating": 190000,
        "otherincome": 363000,
        "revenues": 738465000,
        "employeecompensationandbenefits": 416805000,
        "othercostandexpenseoperating": 111252000,
        "gainlossondispositionofassets1": 5273000,
        "adjustmentforamortization": 31031000,
        "depreciation": 7852000,
        "interestexpense": 16179000,
        "businesscombinationcontingentconsiderationarrangementschangeinamountofcontingentconsiderationliability1": 19801000,
        "operatingexpenses": 597647000,
        "incomelossfromcontinuingoperationsbeforeincometaxesextraordinaryitemsnoncontrollinginterest": 140818000,
        "incometaxexpensebenefit": 39102000,
        "netincomeloss": 101716000,
        "earningspersharebasic": 0.3600000000000001,
        "earningspersharediluted": 0.3599999999999999,
        "commonstockdividendspersharedeclared": 0.10100000000000003,
        "profitloss": 101716000,
        "othercomprehensiveincomeforeigncurrencytransactionandtranslationgainlossarisingduringperiodnetoftax": -2587000,
        "othercomprehensiveincomelossavailableforsalesecuritiesadjustmentnetoftax": -272000,
        "comprehensiveincomenetoftax": 98857000
    },
    {
        "date": "2021-09-29",
        "symbol": "BRO",
        "period": "Q3",
        "insurancecommissionsandfees": 769654000,
        "investmentincomenonoperating": 430000,
        "otherincome": 221000,
        "revenues": 770305000,
        "employeecompensationandbenefits": 394997000,
        "othercostandexpenseoperating": 101071000,
        "gainlossondispositionofassets1": 288000,
        "adjustmentforamortization": 29523000,
        "depreciation": 9200000,
        "interestexpense": 16175000,
        "businesscombinationcontingentconsiderationarrangementschangeinamountofcontingentconsiderationliability1": 23138000,
        "operatingexpenses": 573816000,
        "incomelossfromcontinuingoperationsbeforeincometaxesextraordinaryitemsnoncontrollinginterest": 196489000,
        "incometaxexpensebenefit": 50135000,
        "netincomeloss": 146354000,
        "earningspersharebasic": 0.52,
        "earningspersharediluted": 0.52,
        "commonstockdividendspersharedeclared": 0.093,
        "profitloss": 146354000,
        "othercomprehensiveincomeforeigncurrencytransactionandtranslationgainlossarisingduringperiodnetoftax": -2918000,
        "othercomprehensiveincomelossavailableforsalesecuritiesadjustmentnetoftax": -83000,
        "comprehensiveincomenetoftax": 143353000
    },
    {
        "date": "2021-06-29",
        "symbol": "BRO",
        "period": "Q2",
        "insurancecommissionsandfees": 725919000,
        "investmentincomenonoperating": 229000,
        "otherincome": 1204000,
        "revenues": 727352000,
        "employeecompensationandbenefits": 395611000,
        "othercostandexpenseoperating": 96255000,
        "gainlossondispositionofassets1": 3851000,
        "adjustmentforamortization": 29546000,
        "depreciation": 8801000,
        "interestexpense": 16285000,
        "businesscombinationcontingentconsiderationarrangementschangeinamountofcontingentconsiderationliability1": -1604000,
        "operatingexpenses": 541043000,
        "incomelossfromcontinuingoperationsbeforeincometaxesextraordinaryitemsnoncontrollinginterest": 186309000,
        "incometaxexpensebenefit": 47019000,
        "netincomeloss": 139290000,
        "earningspersharebasic": 0.49,
        "earningspersharediluted": 0.49,
        "commonstockdividendspersharedeclared": 0.093,
        "profitloss": 139290000,
        "othercomprehensiveincomeforeigncurrencytransactionandtranslationgainlossarisingduringperiodnetoftax": 1471000,
        "othercomprehensiveincomelossavailableforsalesecuritiesadjustmentnetoftax": -30000,
        "comprehensiveincomenetoftax": 140731000
    },
    {
        "date": "2021-03-30",
        "symbol": "BRO",
        "period": "Q1",
        "insurancecommissionsandfees": 814037000,
        "investmentincomenonoperating": 250000,
        "otherincome": 989000,
        "revenues": 815276000,
        "employeecompensationandbenefits": 429498000,
        "othercostandexpenseoperating": 94363000,
        "gainlossondispositionofassets1": 193000,
        "adjustmentforamortization": 29493000,
        "depreciation": 7456000,
        "interestexpense": 16342000,
        "businesscombinationcontingentconsiderationarrangementschangeinamountofcontingentconsiderationliability1": -890000,
        "operatingexpenses": 576069000,
        "incomelossfromcontinuingoperationsbeforeincometaxesextraordinaryitemsnoncontrollinginterest": 239207000,
        "incometaxexpensebenefit": 39463000,
        "netincomeloss": 199744000,
        "earningspersharebasic": 0.71,
        "earningspersharediluted": 0.7,
        "commonstockdividendspersharedeclared": 0.093,
        "profitloss": 199744000,
        "othercomprehensiveincomeforeigncurrencytransactionandtranslationgainlossarisingduringperiodnetoftax": -5253000,
        "othercomprehensiveincomelossavailableforsalesecuritiesadjustmentnetoftax": 263000,
        "comprehensiveincomenetoftax": 194754000
    },
    {
        "date": "2020-12-30",
        "symbol": "BRO",
        "period": "Q4",
        "insurancecommissionsandfees": 640052000,
        "investmentincomenonoperating": 968000,
        "otherincome": 1092000,
        "revenues": 642112000,
        "employeecompensationandbenefits": 377471000,
        "othercostandexpenseoperating": 91870000,
        "gainlossondispositionofassets1": 1103000,
        "adjustmentforamortization": 28332000,
        "depreciation": 7440000,
        "interestexpense": 16639000,
        "businesscombinationcontingentconsiderationarrangementschangeinamountofcontingentconsiderationliability1": -9454000,
        "operatingexpenses": 511195000,
        "incomelossfromcontinuingoperationsbeforeincometaxesextraordinaryitemsnoncontrollinginterest": 130917000,
        "incometaxexpensebenefit": 33597000,
        "netincomeloss": 97320000,
        "earningspersharebasic": 0.34999999999999987,
        "earningspersharediluted": 0.33999999999999986,
        "commonstockdividendspersharedeclared": 0.09499999999999993
    },
    {
        "date": "2020-09-29",
        "symbol": "BRO",
        "period": "Q3",
        "insurancecommissionsandfees": 671396000,
        "investmentincomenonoperating": 349000,
        "otherincome": 2217000,
        "revenues": 673962000,
        "employeecompensationandbenefits": 362767000,
        "othercostandexpenseoperating": 91403000,
        "gainlossondispositionofassets1": 994000,
        "adjustmentforamortization": 27059000,
        "depreciation": 6647000,
        "interestexpense": 13234000,
        "businesscombinationcontingentconsiderationarrangementschangeinamountofcontingentconsiderationliability1": 15318000,
        "operatingexpenses": 515434000,
        "incomelossfromcontinuingoperationsbeforeincometaxesextraordinaryitemsnoncontrollinginterest": 158528000,
        "incometaxexpensebenefit": 24549000,
        "netincomeloss": 133979000,
        "earningspersharebasic": 0.47,
        "earningspersharediluted": 0.47,
        "commonstockdividendspersharedeclared": 0.085
    },
    {
        "date": "2020-06-29",
        "symbol": "BRO",
        "period": "Q2",
        "insurancecommissionsandfees": 598157000,
        "investmentincomenonoperating": 333000,
        "otherincome": 316000,
        "revenues": 598806000,
        "employeecompensationandbenefits": 346515000,
        "othercostandexpenseoperating": 75568000,
        "gainlossondispositionofassets1": 31000,
        "adjustmentforamortization": 26741000,
        "depreciation": 6168000,
        "interestexpense": 13809000,
        "businesscombinationcontingentconsiderationarrangementschangeinamountofcontingentconsiderationliability1": 635000,
        "operatingexpenses": 469405000,
        "incomelossfromcontinuingoperationsbeforeincometaxesextraordinaryitemsnoncontrollinginterest": 129401000,
        "incometaxexpensebenefit": 32617000,
        "netincomeloss": 96784000,
        "earningspersharebasic": 0.34,
        "earningspersharediluted": 0.34,
        "commonstockdividendspersharedeclared": 0.085
    },
    {
        "date": "2020-03-30",
        "symbol": "BRO",
        "period": "Q1",
        "insurancecommissionsandfees": 696503000,
        "investmentincomenonoperating": 1161000,
        "otherincome": 831000,
        "revenues": 698495000,
        "employeecompensationandbenefits": 349624000,
        "othercostandexpenseoperating": 107132000,
        "gainlossondispositionofassets1": 260000,
        "adjustmentforamortization": 26391000,
        "depreciation": 6021000,
        "interestexpense": 15291000,
        "businesscombinationcontingentconsiderationarrangementschangeinamountofcontingentconsiderationliability1": -10957000,
        "operatingexpenses": 493242000,
        "incomelossfromcontinuingoperationsbeforeincometaxesextraordinaryitemsnoncontrollinginterest": 205253000,
        "incometaxexpensebenefit": 52853000,
        "netincomeloss": 152400000,
        "earningspersharebasic": 0.54,
        "earningspersharediluted": 0.54,
        "commonstockdividendspersharedeclared": 0.085
    },
    {
        "date": "2019-12-30",
        "symbol": "BRO",
        "period": "Q4",
        "insurancecommissionsandfees": 576979000,
        "investmentincomenonoperating": 1506000,
        "otherincome": 504000,
        "revenues": 578989000,
        "employeecompensationandbenefits": 334598000,
        "othercostandexpenseoperating": 93847000,
        "gainlossondispositionofassets1": 5695000,
        "adjustmentforamortization": 26880000,
        "depreciation": 5901000,
        "interestexpense": 15855000,
        "operatingexpenses": 476940000,
        "incometaxexpensebenefit": 25530000,
        "netincomeloss": 76519000,
        "earningspersharebasic": 0.26999999999999996,
        "earningspersharediluted": 0.2599999999999999,
        "commonstockdividendspersharedeclared": 0.08999999999999998
    },
    {
        "date": "2019-09-29",
        "symbol": "BRO",
        "period": "Q3",
        "insurancecommissionsandfees": 617363000,
        "investmentincomenonoperating": 1668000,
        "otherincome": -348000,
        "revenues": 618683000,
        "employeecompensationandbenefits": 331120000,
        "othercostandexpenseoperating": 96409000,
        "gainlossondispositionofassets1": 3815000,
        "adjustmentforamortization": 26272000,
        "depreciation": 5815000,
        "interestexpense": 16314000,
        "businesscombinationcontingentconsiderationarrangementschangeinamountofcontingentconsiderationliability1": -5270000,
        "operatingexpenses": 466845000,
        "incomelossfromcontinuingoperationsbeforeincometaxesextraordinaryitemsnoncontrollinginterest": 151838000,
        "incometaxexpensebenefit": 36332000,
        "netincomeloss": 115506000,
        "earningspersharebasic": 0.41,
        "earningspersharediluted": 0.41,
        "commonstockdividendspersharedeclared": 0.08
    },
    {
        "date": "2019-06-29",
        "symbol": "BRO",
        "period": "Q2",
        "insurancecommissionsandfees": 572932000,
        "investmentincomenonoperating": 1525000,
        "otherincome": 762000,
        "revenues": 575219000,
        "employeecompensationandbenefits": 309610000,
        "othercostandexpenseoperating": 98050000,
        "gainlossondispositionofassets1": 1016000,
        "adjustmentforamortization": 25954000,
        "depreciation": 5666000,
        "interestexpense": 16293000,
        "changeinestimatedacquisitionearnoutpayable": -2860000,
        "operatingexpenses": 451697000,
        "incomelossfromcontinuingoperationsbeforeincometaxesminorityinterestandincomelossfromequitymethodinvestments": 123522000,
        "incometaxexpensebenefit": 30929000,
        "netincomeloss": 92593000,
        "earningspersharebasic": 0.33,
        "earningspersharediluted": 0.33,
        "commonstockdividendspersharedeclared": 0.08
    },
    {
        "date": "2019-03-30",
        "symbol": "BRO",
        "period": "Q1",
        "insurancecommissionsandfees": 617463000,
        "investmentincomenonoperating": 1081000,
        "otherincome": 736000,
        "revenues": 619280000,
        "employeecompensationandbenefits": 332837000,
        "othercostandexpenseoperating": 88783000,
        "gainlossondispositionofassets1": -505000,
        "adjustmentforamortization": 26192000,
        "depreciation": 6035000,
        "interestexpense": 15198000,
        "changeinestimatedacquisitionearnoutpayable": 1210000,
        "operatingexpenses": 470760000,
        "incomelossfromcontinuingoperationsbeforeincometaxesminorityinterestandincomelossfromequitymethodinvestments": 148520000,
        "incometaxexpensebenefit": 34624000,
        "netincomeloss": 113896000,
        "earningspersharebasic": 0.41,
        "earningspersharediluted": 0.4,
        "commonstockdividendspersharedeclared": 0.08
    },
    {
        "date": "2018-12-30",
        "symbol": "BRO",
        "period": "Q4",
        "insurancecommissionsandfees": 507638000,
        "investmentincomenonoperating": 695000,
        "otherincome": 415000,
        "revenues": 508748000,
        "employeecompensationandbenefits": 278012000,
        "othercostandexpenseoperating": 88414000,
        "gainlossondispositionofassets1": 631000,
        "adjustmentforamortization": 23583000,
        "depreciation": 6424000,
        "interestexpense": 11894000,
        "changeinestimatedacquisitionearnoutpayable": 441000,
        "operatingexpenses": 408137000,
        "incomelossfromcontinuingoperationsbeforeincometaxesminorityinterestandincomelossfromequitymethodinvestments": 100611000,
        "incometaxexpensebenefit": 27159000,
        "netincomeloss": 73452000,
        "earningspersharebasic": 0.25999999999999995,
        "earningspersharediluted": 0.25999999999999995,
        "commonstockdividendspersharedeclared": 0.07999999999999997
    },
    {
        "date": "2018-09-29",
        "symbol": "BRO",
        "period": "Q3",
        "insurancecommissionsandfees": 529813000,
        "investmentincomenonoperating": 719000,
        "otherincome": 318000,
        "revenues": 530850000,
        "employeecompensationandbenefits": 268045000,
        "othercostandexpenseoperating": 83697000,
        "gainlossondispositionofassets1": -1106000,
        "adjustmentforamortization": 21637000,
        "depreciation": 5259000,
        "interestexpense": 8963000,
        "changeinestimatedacquisitionearnoutpayable": -357000,
        "operatingexpenses": 388350000,
        "incomelossfromcontinuingoperationsbeforeincometaxesminorityinterestandincomelossfromequitymethodinvestments": 142500000,
        "incometaxexpensebenefit": 36447000,
        "netincomeloss": 106053000,
        "earningspersharebasic": 0.38,
        "earningspersharediluted": 0.38,
        "commonstockdividendspersharedeclared": 0.075
    },
    {
        "date": "2018-06-29",
        "symbol": "BRO",
        "period": "Q2",
        "insurancecommissionsandfees": 472068000,
        "investmentincomenonoperating": 731000,
        "otherincome": 388000,
        "revenues": 473187000,
        "employeecompensationandbenefits": 251958000,
        "othercostandexpenseoperating": 83694000,
        "gainlossondispositionofassets1": 230000,
        "adjustmentforamortization": 20785000,
        "depreciation": 5599000,
        "interestexpense": 10052000,
        "changeinestimatedacquisitionearnoutpayable": 419000,
        "operatingexpenses": 372277000,
        "incomelossfromcontinuingoperationsbeforeincometaxesminorityinterestandincomelossfromequitymethodinvestments": 100910000,
        "incometaxexpensebenefit": 26988000,
        "netincomeloss": 73922000,
        "earningspersharebasic": 0.27,
        "earningspersharediluted": 0.26,
        "commonstockdividendspersharedeclared": 0.075
    },
    {
        "date": "2018-03-30",
        "symbol": "BRO",
        "period": "Q1",
        "insurancecommissionsandfees": 500338000,
        "investmentincomenonoperating": 601000,
        "otherincome": 522000,
        "revenues": 501461000,
        "employeecompensationandbenefits": 270899000,
        "othercostandexpenseoperating": 76313000,
        "gainlossondispositionofassets1": 2420000,
        "adjustmentforamortization": 20539000,
        "depreciation": 5552000,
        "interestexpense": 9671000,
        "changeinestimatedacquisitionearnoutpayable": 2466000,
        "operatingexpenses": 383020000,
        "incomelossfromcontinuingoperationsbeforeincometaxesminorityinterestandincomelossfromequitymethodinvestments": 118441000,
        "incometaxexpensebenefit": 27613000,
        "netincomeloss": 90828000,
        "earningspersharebasic": 0.33,
        "earningspersharediluted": 0.32,
        "commonstockdividendspersharedeclared": 0.08
    },
    {
        "date": "2017-12-30",
        "symbol": "BRO",
        "period": "Q4",
        "insurancecommissionsandfees": 473371000,
        "investmentincomenonoperating": 1239000,
        "otherincome": 404000,
        "revenues": 1272702000,
        "employeecompensationandbenefits": 258207000,
        "othercostandexpenseoperating": 73181000,
        "gainlossondispositionofassets1": 164000,
        "adjustmentforamortization": 58136000,
        "depreciation": 15652000,
        "interestexpense": 25506000,
        "changeinestimatedacquisitionearnoutpayable": 891000,
        "operatingexpenses": 367982000,
        "incomelossfromcontinuingoperationsbeforeincometaxesminorityinterestandincomelossfromequitymethodinvestments": 297451000,
        "incometaxexpensebenefit": -81171000,
        "netincomeloss": 187505000,
        "earningspersharebasic": 1.3499999999999999,
        "earningspersharediluted": 1.3300000000000003,
        "commonstockdividendspersharedeclared": 0.15500000000000003
    },
    {
        "date": "2017-09-29",
        "symbol": "BRO",
        "period": "Q3",
        "insurancecommissionsandfees": 474609000,
        "investmentincomenonoperating": 72000,
        "otherincome": 546000,
        "revenues": 71574000,
        "employeecompensationandbenefits": 246062000,
        "othercostandexpenseoperating": 72058000,
        "gainlossondispositionofassets1": 1902000,
        "adjustmentforamortization": 2845000,
        "depreciation": 471000,
        "interestexpense": 1515000,
        "changeinestimatedacquisitionearnoutpayable": -1308000,
        "operatingexpenses": 351227000,
        "incomelossfromcontinuingoperationsbeforeincometaxesminorityinterestandincomelossfromequitymethodinvestments": 21219000,
        "incometaxexpensebenefit": 48506000,
        "netincomeloss": 75913000,
        "earningspersharebasic": 0.54,
        "earningspersharediluted": 0.53,
        "commonstockdividendspersharedeclared": 0.135
    },
    {
        "date": "2017-06-29",
        "symbol": "BRO",
        "period": "Q2",
        "insurancecommissionsandfees": 464724000,
        "investmentincomenonoperating": 72000,
        "otherincome": 1230000,
        "revenues": 71991000,
        "employeecompensationandbenefits": 244517000,
        "othercostandexpenseoperating": 71312000,
        "gainlossondispositionofassets1": -9000,
        "adjustmentforamortization": 2845000,
        "depreciation": 477000,
        "interestexpense": 1613000,
        "changeinestimatedacquisitionearnoutpayable": 5589000,
        "operatingexpenses": 358303000,
        "incomelossfromcontinuingoperationsbeforeincometaxesminorityinterestandincomelossfromequitymethodinvestments": 20085000,
        "incometaxexpensebenefit": 41900000,
        "netincomeloss": 66102000,
        "earningspersharebasic": 0.47,
        "earningspersharediluted": 0.46,
        "commonstockdividendspersharedeclared": 0.135
    },
    {
        "date": "2017-03-30",
        "symbol": "BRO",
        "period": "Q1",
        "insurancecommissionsandfees": 444566000,
        "investmentincomenonoperating": 243000,
        "otherincome": 20271000,
        "revenues": 465080000,
        "employeecompensationandbenefits": 245866000,
        "othercostandexpenseoperating": 66919000,
        "gainlossondispositionofassets1": 100000,
        "adjustmentforamortization": 21620000,
        "depreciation": 6098000,
        "interestexpense": 9682000,
        "changeinestimatedacquisitionearnoutpayable": 4028000,
        "operatingexpenses": 354113000,
        "incomelossfromcontinuingoperationsbeforeincometaxesminorityinterestandincomelossfromequitymethodinvestments": 110967000,
        "incometaxexpensebenefit": 40857000,
        "netincomeloss": 70110000,
        "earningspersharebasic": 0.5,
        "earningspersharediluted": 0.49,
        "commonstockdividendspersharedeclared": 0.135
    },
    {
        "date": "2016-12-30",
        "symbol": "BRO",
        "period": "Q4",
        "insurancecommissionsandfees": 433138000,
        "investmentincomenonoperating": -472000,
        "otherincome": 220000,
        "revenues": -312549000,
        "employeecompensationandbenefits": 232403000,
        "othercostandexpenseoperating": 65543000,
        "gainlossondispositionofassets1": -1840000,
        "adjustmentforamortization": -16282000,
        "depreciation": -4334000,
        "interestexpense": -8146000,
        "changeinestimatedacquisitionearnoutpayable": 2339000,
        "operatingexpenses": 338763000,
        "incomelossfromcontinuingoperationsbeforeincometaxesminorityinterestandincomelossfromequitymethodinvestments": -77075000,
        "incometaxexpensebenefit": 37275000,
        "netincomeloss": 57626000,
        "earningspersharebasic": 0.4100000000000001,
        "earningspersharediluted": 0.4100000000000001,
        "commonstockdividendspersharedeclared": 0.13749999999999996
    },
    {
        "date": "2016-09-29",
        "symbol": "BRO",
        "period": "Q3",
        "insurancecommissionsandfees": 461652000,
        "investmentincomenonoperating": 57000,
        "otherincome": 392000,
        "revenues": 70192000,
        "employeecompensationandbenefits": 237653000,
        "othercostandexpenseoperating": 67433000,
        "gainlossondispositionofassets1": 277000,
        "adjustmentforamortization": 2882000,
        "depreciation": 503000,
        "interestexpense": 1540000,
        "changeinestimatedacquisitionearnoutpayable": 3610000,
        "operatingexpenses": 345302000,
        "incomelossfromcontinuingoperationsbeforeincometaxesminorityinterestandincomelossfromequitymethodinvestments": 20862000,
        "incometaxexpensebenefit": 45427000,
        "netincomeloss": 71545000,
        "earningspersharebasic": 0.51,
        "earningspersharediluted": 0.5,
        "commonstockdividendspersharedeclared": 0.1225
    },
    {
        "date": "2016-06-29",
        "symbol": "BRO",
        "period": "Q2",
        "insurancecommissionsandfees": 445662000,
        "investmentincomenonoperating": 1000,
        "otherincome": 354000,
        "revenues": 61287000,
        "employeecompensationandbenefits": 231102000,
        "othercostandexpenseoperating": 66291000,
        "gainlossondispositionofassets1": 810000,
        "adjustmentforamortization": 2591000,
        "depreciation": 488000,
        "interestexpense": 685000,
        "changeinestimatedacquisitionearnoutpayable": 4057000,
        "operatingexpenses": 337441000,
        "incomelossfromcontinuingoperationsbeforeincometaxesminorityinterestandincomelossfromequitymethodinvestments": 16287000,
        "incometaxexpensebenefit": 42827000,
        "netincomeloss": 66250000,
        "earningspersharebasic": 0.47,
        "earningspersharediluted": 0.47,
        "commonstockdividendspersharedeclared": 0.12
    },
    {
        "date": "2016-03-30",
        "symbol": "BRO",
        "period": "Q1",
        "insurancecommissionsandfees": 422335000,
        "investmentincomenonoperating": 418000,
        "otherincome": 1420000,
        "revenues": 424173000,
        "employeecompensationandbenefits": 224059000,
        "othercostandexpenseoperating": 63605000,
        "gainlossondispositionofassets1": 2044000,
        "adjustmentforamortization": 21610000,
        "depreciation": 5318000,
        "interestexpense": 9897000,
        "changeinestimatedacquisitionearnoutpayable": -821000,
        "operatingexpenses": 321624000,
        "incomelossfromcontinuingoperationsbeforeincometaxesminorityinterestandincomelossfromequitymethodinvestments": 102549000,
        "incometaxexpensebenefit": 40479000,
        "netincomeloss": 62070000,
        "earningspersharebasic": 0.45,
        "earningspersharediluted": 0.44,
        "commonstockdividendspersharedeclared": 0.1225
    },
    {
        "date": "2015-12-30",
        "symbol": "BRO",
        "period": "Q4",
        "insurancecommissionsandfees": 404063000,
        "investmentincomenonoperating": 2000,
        "otherincome": 238000,
        "revenues": 48377000,
        "employeecompensationandbenefits": 213368000,
        "sharebasedcompensation": -13918000,
        "othercostandexpenseoperating": 59464000,
        "gainlossondispositionofassets1": -640000,
        "adjustmentforamortization": 2443000,
        "depreciation": 512000,
        "interestexpense": 246000,
        "changeinestimatedacquisitionearnoutpayable": 809000,
        "operatingexpenses": 309560000,
        "incomelossfromcontinuingoperationsbeforeincometaxesminorityinterestandincomelossfromequitymethodinvestments": 11558000,
        "incometaxexpensebenefit": 37102000,
        "netincomeloss": 57935000,
        "earningspersharebasic": 0.41000000000000003,
        "earningspersharediluted": 0.41000000000000003,
        "commonstockdividendspersharedeclared": 0.12000000000000004
    },
    {
        "date": "2015-09-29",
        "symbol": "BRO",
        "period": "Q3",
        "insurancecommissionsandfees": 431863000,
        "investmentincomenonoperating": 3000,
        "otherincome": 76000,
        "revenues": 61374000,
        "employeecompensationandbenefits": 211267000,
        "sharebasedcompensation": 4889000,
        "othercostandexpenseoperating": 66121000,
        "gainlossondispositionofassets1": 654000,
        "adjustmentforamortization": 2441000,
        "depreciation": 506000,
        "interestexpense": 200000,
        "changeinestimatedacquisitionearnoutpayable": 459000,
        "operatingexpenses": 319337000,
        "incomelossfromcontinuingoperationsbeforeincometaxesminorityinterestandincomelossfromequitymethodinvestments": 22276000,
        "incometaxexpensebenefit": 45403000,
        "netincomeloss": 67427000,
        "earningspersharebasic": 0.48,
        "earningspersharediluted": 0.47,
        "commonstockdividendspersharedeclared": 0.11
    },
    {
        "date": "2015-06-29",
        "symbol": "BRO",
        "period": "Q2",
        "insurancecommissionsandfees": 417244000,
        "investmentincomenonoperating": 73000,
        "otherincome": 1943000,
        "revenues": 55417000,
        "employeecompensationandbenefits": 211499000,
        "sharebasedcompensation": 6102000,
        "othercostandexpenseoperating": 64377000,
        "gainlossondispositionofassets1": 348000,
        "adjustmentforamortization": 2432000,
        "depreciation": 561000,
        "interestexpense": 216000,
        "changeinestimatedacquisitionearnoutpayable": 372000,
        "operatingexpenses": 318533000,
        "incomelossfromcontinuingoperationsbeforeincometaxesminorityinterestandincomelossfromequitymethodinvestments": 16390000,
        "incometaxexpensebenefit": 39909000,
        "netincomeloss": 61005000,
        "earningspersharebasic": 0.43,
        "earningspersharediluted": 0.43,
        "commonstockdividendspersharedeclared": 0.11
    },
    {
        "date": "2015-03-30",
        "symbol": "BRO",
        "period": "Q1",
        "insurancecommissionsandfees": 403781000,
        "investmentincomenonoperating": 72000,
        "otherincome": 297000,
        "revenues": 51828000,
        "employeecompensationandbenefits": 205305000,
        "sharebasedcompensation": 6357000,
        "othercostandexpenseoperating": 61093000,
        "gainlossondispositionofassets1": 257000,
        "adjustmentforamortization": 2423000,
        "depreciation": 563000,
        "interestexpense": 229000,
        "changeinestimatedacquisitionearnoutpayable": 1363000,
        "operatingexpenses": 310520000,
        "incomelossfromcontinuingoperationsbeforeincometaxesminorityinterestandincomelossfromequitymethodinvestments": 14484000,
        "incometaxexpensebenefit": 36827000,
        "netincomeloss": 56951000,
        "earningspersharebasic": 0.4,
        "earningspersharediluted": 0.39,
        "commonstockdividendspersharedeclared": 0.11
    },
    {
        "date": "2014-12-30",
        "symbol": "BRO",
        "period": "Q4",
        "insurancecommissionsandfees": 390148000,
        "investmentincomenonoperating": -194000,
        "otherincome": 2647000,
        "revenues": 9932000,
        "employeecompensationandbenefits": 208116000,
        "sharebasedcompensation": -4702000,
        "othercostandexpenseoperating": 57405000,
        "adjustmentforamortization": 3080000,
        "depreciation": 694000,
        "interestexpense": 39372000,
        "changeinestimatedacquisitionearnoutpayable": 3364000,
        "operatingexpenses": 354574000,
        "incomelossfromcontinuingoperationsbeforeincometaxesminorityinterestandincomelossfromequitymethodinvestments": -21865000,
        "incometaxexpensebenefit": 14051000,
        "netincomeloss": 24395000,
        "earningspersharebasic": 0.17000000000000004,
        "earningspersharediluted": 0.16000000000000003,
        "commonstockdividendspersharedeclared": 0.10999999999999993
    },
    {
        "date": "2014-09-29",
        "symbol": "BRO",
        "period": "Q3",
        "insurancecommissionsandfees": 420615000,
        "investmentincomenonoperating": 16000,
        "otherincome": 578000,
        "revenues": 3200000,
        "employeecompensationandbenefits": 203126000,
        "sharebasedcompensation": 5640000,
        "othercostandexpenseoperating": 64916000,
        "adjustmentforamortization": 1034000,
        "depreciation": 555000,
        "interestexpense": 1938000,
        "changeinestimatedacquisitionearnoutpayable": 314000,
        "operatingexpenses": 308733000,
        "incomelossfromcontinuingoperationsbeforeincometaxesminorityinterestandincomelossfromequitymethodinvestments": 4859000,
        "incometaxexpensebenefit": 44354000,
        "netincomeloss": 68331000,
        "earningspersharebasic": 0.47,
        "earningspersharediluted": 0.47,
        "commonstockdividendspersharedeclared": 0.1
    },
    {
        "date": "2014-06-29",
        "symbol": "BRO",
        "period": "Q2",
        "insurancecommissionsandfees": 394690000,
        "investmentincomenonoperating": 105000,
        "otherincome": 2880000,
        "revenues": 97000,
        "employeecompensationandbenefits": 196397000,
        "sharebasedcompensation": 5994000,
        "othercostandexpenseoperating": 60546000,
        "adjustmentforamortization": 10000,
        "depreciation": 488000,
        "interestexpense": -19161000,
        "changeinestimatedacquisitionearnoutpayable": 177000,
        "operatingexpenses": 295983000,
        "incomelossfromcontinuingoperationsbeforeincometaxesminorityinterestandincomelossfromequitymethodinvestments": 20614000,
        "incometaxexpensebenefit": 40026000,
        "netincomeloss": 61755000,
        "earningspersharebasic": 0.43,
        "earningspersharediluted": 0.42,
        "commonstockdividendspersharedeclared": 0.1
    },
    {
        "date": "2014-03-30",
        "symbol": "BRO",
        "period": "Q1",
        "insurancecommissionsandfees": 362007000,
        "investmentincomenonoperating": 76000,
        "otherincome": 1484000,
        "revenues": 71000,
        "employeecompensationandbenefits": 184110000,
        "sharebasedcompensation": 7515000,
        "othercostandexpenseoperating": 52461000,
        "adjustmentforamortization": 10000,
        "depreciation": 476000,
        "interestexpense": -14471000,
        "changeinestimatedacquisitionearnoutpayable": 6083000,
        "operatingexpenses": 276757000,
        "incomelossfromcontinuingoperationsbeforeincometaxesminorityinterestandincomelossfromequitymethodinvestments": 13916000,
        "incometaxexpensebenefit": 34422000,
        "netincomeloss": 52415000,
        "earningspersharebasic": 0.36,
        "earningspersharediluted": 0.36,
        "commonstockdividendspersharedeclared": 0.1
    },
    {
        "date": "2013-12-30",
        "symbol": "BRO",
        "period": "Q4",
        "insurancecommissionsandfees": 339364000,
        "otherincome": 3673000,
        "revenues": -6671000,
        "employeecompensationandbenefits": 179460000,
        "sharebasedcompensation": -11366000,
        "othercostandexpenseoperating": 51839000,
        "adjustmentforamortization": -5755000,
        "depreciation": -61000,
        "interestexpense": -37662000,
        "changeinestimatedacquisitionearnoutpayable": 1020000,
        "operatingexpenses": 266723000,
        "incomelossfromcontinuingoperationsbeforeincometaxesminorityinterestandincomelossfromequitymethodinvestments": 13803000,
        "incometaxexpensebenefit": 29217000,
        "netincomeloss": 47225000,
        "earningspersharebasic": 0.3200000000000001,
        "earningspersharediluted": 0.3199999999999999,
        "weightedaveragenumberofsharesoutstandingbasic": -281738000,
        "weightedaveragenumberofdilutedsharesoutstanding": -286133000,
        "commonstockdividendspersharedeclared": 0.10000000000000003
    },
    {
        "date": "2013-09-29",
        "symbol": "BRO",
        "period": "Q3",
        "insurancecommissionsandfees": 358196000,
        "investmentincomenonoperating": 55000,
        "otherincome": 1029000,
        "revenues": 2300000,
        "employeecompensationandbenefits": 180528000,
        "sharebasedcompensation": 7431000,
        "othercostandexpenseoperating": 50102000,
        "adjustmentforamortization": 10000,
        "depreciation": 460000,
        "interestexpense": -15683000,
        "changeinestimatedacquisitionearnoutpayable": -665000,
        "operatingexpenses": 263855000,
        "incomelossfromcontinuingoperationsbeforeincometaxesminorityinterestandincomelossfromequitymethodinvestments": 14649000,
        "incometaxexpensebenefit": 37706000,
        "netincomeloss": 57749000,
        "earningspersharebasic": 0.4,
        "earningspersharediluted": 0.39,
        "weightedaveragenumberofsharesoutstandingbasic": 141139000,
        "weightedaveragenumberofdilutedsharesoutstanding": 142789000,
        "commonstockdividendspersharedeclared": 0.09
    },
    {
        "date": "2013-06-29",
        "symbol": "BRO",
        "period": "Q2",
        "insurancecommissionsandfees": 324150000,
        "investmentincome": 4000,
        "otherincome": 1403000,
        "revenues": 2800000,
        "employeecompensationandbenefits": 163514000,
        "sharebasedcompensation": 3623000,
        "othercostandexpenseoperating": 47397000,
        "adjustmentforamortization": 2887000,
        "depreciation": 716000,
        "interestexpense": 723000,
        "changeinestimatedacquisitionearnoutpayable": 656000,
        "operatingexpenses": 239571000,
        "incomelossfromcontinuingoperationsbeforeincometaxesminorityinterestandincomelossfromequitymethodinvestments": 15760000,
        "incometaxexpensebenefit": 34214000,
        "netincomeloss": 52007000,
        "earningspersharebasic": 0.36,
        "earningspersharediluted": 0.36,
        "weightedaveragenumberofsharesoutstandingbasic": 140836000,
        "weightedaveragenumberofdilutedsharesoutstanding": 143021000,
        "commonstockdividendspersharedeclared": 0.09
    },
    {
        "date": "2013-03-30",
        "symbol": "BRO",
        "period": "Q1",
        "insurancecommissionsandfees": 333793000,
        "investmentincome": 5000,
        "otherincome": 1033000,
        "revenues": 3000000,
        "employeecompensationandbenefits": 159498000,
        "sharebasedcompensation": 3850000,
        "othercostandexpenseoperating": 46339000,
        "adjustmentforamortization": 2897000,
        "depreciation": 707000,
        "interestexpense": 755000,
        "changeinestimatedacquisitionearnoutpayable": 1522000,
        "operatingexpenses": 235521000,
        "incomelossfromcontinuingoperationsbeforeincometaxesminorityinterestandincomelossfromequitymethodinvestments": 10362000,
        "incometaxexpensebenefit": 39360000,
        "netincomeloss": 60131000,
        "earningspersharebasic": 0.42,
        "earningspersharediluted": 0.41,
        "weightedaveragenumberofsharesoutstandingbasic": 140796000,
        "weightedaveragenumberofdilutedsharesoutstanding": 142947000,
        "commonstockdividendspersharedeclared": 0.09
    },
    {
        "date": "2012-12-30",
        "symbol": "BRO",
        "period": "Q4",
        "insurancecommissionsandfees": 300296000,
        "investmentincome": -93000,
        "otherincome": 2298000,
        "revenues": -89788000,
        "employeecompensationandbenefits": 158467000,
        "sharebasedcompensation": -10284000,
        "othercostandexpenseoperating": 44995000,
        "adjustmentforamortization": 5665000,
        "depreciation": 993000,
        "interestexpense": 14402000,
        "changeinestimatedacquisitionearnoutpayable": -1284000,
        "operatingexpenses": 233603000,
        "incomelossfromcontinuingoperationsbeforeincometaxesminorityinterestandincomelossfromequitymethodinvestments": 69227000,
        "incometaxexpensebenefit": 26590000,
        "netincomeloss": 42637000,
        "earningspersharebasic": 0.2999999999999999,
        "earningspersharediluted": 0.28999999999999987,
        "weightedaveragenumberofsharesoutstandingbasic": -278188000,
        "weightedaveragenumberofdilutedsharesoutstanding": -283415000,
        "commonstockdividendspersharedeclared": 0.08999999999999993
    },
    {
        "date": "2012-09-29",
        "symbol": "BRO",
        "period": "Q3",
        "insurancecommissionsandfees": 302310000,
        "investmentincome": 6000,
        "otherincome": 1251000,
        "revenues": 50464000,
        "employeecompensationandbenefits": 149691000,
        "sharebasedcompensation": 3908000,
        "othercostandexpenseoperating": 43774000,
        "adjustmentforamortization": 2819000,
        "depreciation": 704000,
        "interestexpense": 922000,
        "changeinestimatedacquisitionearnoutpayable": 858000,
        "operatingexpenses": 222151000,
        "incomelossfromcontinuingoperationsbeforeincometaxesminorityinterestandincomelossfromequitymethodinvestments": 81649000,
        "incometaxexpensebenefit": 32145000,
        "netincomeloss": 49504000,
        "earningspersharebasic": 0.34,
        "earningspersharediluted": 0.34,
        "weightedaveragenumberofsharesoutstandingbasic": 139465000,
        "weightedaveragenumberofdilutedsharesoutstanding": 142097000,
        "commonstockdividendspersharedeclared": 0.085
    },
    {
        "date": "2012-06-29",
        "symbol": "BRO",
        "period": "Q2",
        "insurancecommissionsandfees": 289942000,
        "investmentincome": 5000,
        "otherincome": 787000,
        "revenues": 47483000,
        "employeecompensationandbenefits": 150752000,
        "sharebasedcompensation": 3738000,
        "othercostandexpenseoperating": 42220000,
        "adjustmentforamortization": 2786000,
        "depreciation": 661000,
        "interestexpense": 895000,
        "changeinestimatedacquisitionearnoutpayable": -604000,
        "operatingexpenses": 219771000,
        "incomelossfromcontinuingoperationsbeforeincometaxesminorityinterestandincomelossfromequitymethodinvestments": 71145000,
        "incometaxexpensebenefit": 28674000,
        "netincomeloss": 42471000,
        "earningspersharebasic": 0.3,
        "earningspersharediluted": 0.29,
        "weightedaveragenumberofsharesoutstandingbasic": 139086000,
        "weightedaveragenumberofdilutedsharesoutstanding": 141828000,
        "commonstockdividendspersharedeclared": 0.085
    },
    {
        "date": "2012-03-30",
        "symbol": "BRO",
        "period": "Q1",
        "insurancecommissionsandfees": 296533000,
        "investmentincome": 104000,
        "otherincome": 5818000,
        "revenues": 1541000,
        "employeecompensationandbenefits": 149596000,
        "sharebasedcompensation": 3747000,
        "othercostandexpenseoperating": 43400000,
        "adjustmentforamortization": 10000,
        "depreciation": 360000,
        "interestexpense": -12245000,
        "changeinestimatedacquisitionearnoutpayable": -388000,
        "operatingexpenses": 219696000,
        "incomelossfromcontinuingoperationsbeforeincometaxesminorityinterestandincomelossfromequitymethodinvestments": 82790000,
        "incometaxexpensebenefit": 33357000,
        "netincomeloss": 49433000,
        "earningspersharebasic": 0.34,
        "earningspersharediluted": 0.34,
        "weightedaveragenumberofsharesoutstandingbasic": 139001000,
        "weightedaveragenumberofdilutedsharesoutstanding": 141500000,
        "commonstockdividendspersharedeclared": 0.085
    },
    {
        "date": "2011-12-30",
        "symbol": "BRO",
        "period": "Q4",
        "insurancecommissionsandfees": 241350000,
        "investmentincome": 267000,
        "otherincome": 2414000,
        "revenues": -261682000,
        "employeecompensationandbenefits": 129389000,
        "sharebasedcompensation": -6212000,
        "othercostandexpenseoperating": 34590000,
        "adjustmentforamortization": -13489000,
        "depreciation": -2521000,
        "interestexpense": -18181000,
        "changeinestimatedacquisitionearnoutpayable": -2862000,
        "operatingexpenses": 184406000,
        "incomelossfromcontinuingoperationsbeforeincometaxesminorityinterestandincomelossfromequitymethodinvestments": 59691000,
        "incometaxexpensebenefit": 23197000,
        "netincomeloss": 36494000,
        "earningspersharebasic": 0.25999999999999984,
        "earningspersharediluted": 0.24999999999999983,
        "weightedaveragenumberofsharesoutstandingbasic": -276838000,
        "weightedaveragenumberofdilutedsharesoutstanding": -280769000,
        "commonstockdividendspersharedeclared": 0.08499999999999998
    },
    {
        "date": "2011-09-29",
        "symbol": "BRO",
        "period": "Q3",
        "insurancecommissionsandfees": 257177000,
        "investmentincome": 279000,
        "otherincome": 2907000,
        "revenues": 1194000,
        "employeecompensationandbenefits": 126877000,
        "sharebasedcompensation": 2856000,
        "othercostandexpenseoperating": 38434000,
        "adjustmentforamortization": 10000,
        "depreciation": 310000,
        "interestexpense": -6727000,
        "changeinestimatedacquisitionearnoutpayable": -810000,
        "operatingexpenses": 187709000,
        "incomelossfromcontinuingoperationsbeforeincometaxesminorityinterestandincomelossfromequitymethodinvestments": 72692000,
        "incometaxexpensebenefit": 28519000,
        "netincomeloss": 44173000,
        "earningspersharebasic": 0.31,
        "earningspersharediluted": 0.3,
        "weightedaveragenumberofsharesoutstandingbasic": 138690000,
        "weightedaveragenumberofdilutedsharesoutstanding": 140443000,
        "commonstockdividendspersharedeclared": 0.08
    },
    {
        "date": "2011-06-29",
        "symbol": "BRO",
        "period": "Q2",
        "insurancecommissionsandfees": 245983000,
        "investmentincome": 233000,
        "otherincome": 440000,
        "revenues": 46000,
        "employeecompensationandbenefits": 125852000,
        "sharebasedcompensation": 2709000,
        "othercostandexpenseoperating": 34979000,
        "adjustmentforamortization": 9000,
        "depreciation": 301000,
        "interestexpense": -6877000,
        "changeinestimatedacquisitionearnoutpayable": 1565000,
        "operatingexpenses": 185348000,
        "incomelossfromcontinuingoperationsbeforeincometaxesminorityinterestandincomelossfromequitymethodinvestments": 61468000,
        "incometaxexpensebenefit": 24433000,
        "netincomeloss": 37035000,
        "earningspersharebasic": 0.26,
        "earningspersharediluted": 0.26,
        "weightedaveragenumberofsharesoutstandingbasic": 138379000,
        "weightedaveragenumberofdilutedsharesoutstanding": 139942000,
        "commonstockdividendspersharedeclared": 0.08
    },
    {
        "date": "2011-03-30",
        "symbol": "BRO",
        "period": "Q1",
        "insurancecommissionsandfees": 261452000,
        "investmentincome": 224000,
        "otherincome": 552000,
        "revenues": 262228000,
        "employeecompensationandbenefits": 126557000,
        "sharebasedcompensation": 2773000,
        "othercostandexpenseoperating": 36076000,
        "adjustmentforamortization": 13509000,
        "depreciation": 3135000,
        "interestexpense": 3607000,
        "changeinestimatedacquisitionearnoutpayable": -99000,
        "operatingexpenses": 185558000,
        "incomelossfromcontinuingoperationsbeforeincometaxesminorityinterestandincomelossfromequitymethodinvestments": 76670000,
        "incometaxexpensebenefit": 30377000,
        "netincomeloss": 46293000,
        "earningspersharebasic": 0.32,
        "earningspersharediluted": 0.32,
        "weightedaveragenumberofsharesoutstandingbasic": 138351000,
        "weightedaveragenumberofdilutedsharesoutstanding": 140648000,
        "commonstockdividendspersharedeclared": 0.08
    },
    {
        "date": "2010-09-29",
        "symbol": "BRO",
        "period": "Q3",
        "insurancecommissionsandfees": 246102000,
        "investmentincome": 345000,
        "otherincome": 1169000,
        "revenues": 247616000,
        "employeecompensationandbenefits": 122001000,
        "sharebasedcompensation": 1495000,
        "othercostandexpenseoperating": 31301000,
        "adjustmentforamortization": 12869000,
        "depreciation": 3116000,
        "interestexpense": 3607000,
        "changeinestimatedacquisitionearnoutpayable": 193000,
        "operatingexpenses": 174582000,
        "incomelossfromcontinuingoperationsbeforeincometaxesminorityinterestandincomelossfromequitymethodinvestments": 73034000,
        "incometaxexpensebenefit": 28741000,
        "netincomeloss": 44293000,
        "earningspersharebasic": 0.31,
        "earningspersharediluted": 0.31,
        "weightedaveragenumberofsharesoutstandingbasic": 138093000,
        "weightedaveragenumberofdilutedsharesoutstanding": 139507000,
        "commonstockdividendspersharedeclared": 0.0775
    },
    {
        "date": "2010-06-29",
        "symbol": "BRO",
        "period": "Q2",
        "insurancecommissionsandfees": 241053000,
        "investmentincome": 346000,
        "otherincome": 2266000,
        "revenues": 243665000,
        "employeecompensationandbenefits": 121372000,
        "sharebasedcompensation": 1780000,
        "othercostandexpenseoperating": 33622000,
        "adjustmentforamortization": 12650000,
        "depreciation": 3129000,
        "interestexpense": 3632000,
        "changeinestimatedacquisitionearnoutpayable": -533000,
        "operatingexpenses": 175652000,
        "incomelossfromcontinuingoperationsbeforeincometaxesminorityinterestandincomelossfromequitymethodinvestments": 68013000,
        "incometaxexpensebenefit": 26828000,
        "netincomeloss": 41185000,
        "earningspersharebasic": 0.29,
        "earningspersharediluted": 0.29,
        "weightedaveragenumberofsharesoutstandingbasic": 137685000,
        "weightedaveragenumberofdilutedsharesoutstanding": 139105000,
        "commonstockdividendspersharedeclared": 0.0775
    }
]