[
    {
        "date": "2024-09-29",
        "symbol": "WSO",
        "period": "Q3",
        "revenues": 24000000,
        "costofgoodsandservicessold": 1593792000,
        "grossprofit": 566244000,
        "sellinggeneralandadministrativeexpense": 326373000,
        "incomelossfromequitymethodinvestments": 10376000,
        "operatingincomeloss": 250247000,
        "interestincomeexpensenet": 6773000,
        "incomelossfromcontinuingoperationsbeforeincometaxesextraordinaryitemsnoncontrollinginterest": 257020000,
        "incometaxexpensebenefit": 55373000,
        "profitloss": 201647000,
        "netincomelossattributabletononcontrollinginterest": 30616000,
        "netincomeloss": 171031000,
        "earningspersharebasic": 4.24,
        "earningspersharediluted": 4.22,
        "othercomprehensiveincomelossforeigncurrencytransactionandtranslationadjustmentnetoftax": 4809000,
        "othercomprehensiveincomelossnetoftax": 4809000,
        "comprehensiveincomenetoftaxincludingportionattributabletononcontrollinginterest": 206456000,
        "comprehensiveincomenetoftaxattributabletononcontrollinginterest": 32143000,
        "comprehensiveincomenetoftax": 174313000
    },
    {
        "date": "2024-06-29",
        "symbol": "WSO",
        "period": "Q2",
        "revenues": 2139328000,
        "costofgoodsandservicessold": 1559568000,
        "grossprofit": 579760000,
        "sellinggeneralandadministrativeexpense": 319029000,
        "incomelossfromequitymethodinvestments": 8072000,
        "operatingincomeloss": 268803000,
        "interestincomeexpensenet": 4913000,
        "incomelossfromcontinuingoperationsbeforeincometaxesextraordinaryitemsnoncontrollinginterest": 273716000,
        "incometaxexpensebenefit": 59065000,
        "profitloss": 214651000,
        "netincomelossattributabletononcontrollinginterest": 33241000,
        "netincomeloss": 181410000,
        "earningspersharebasic": 4.5,
        "earningspersharediluted": 4.49,
        "othercomprehensiveincomelossforeigncurrencytransactionandtranslationadjustmentnetoftax": -3336000,
        "othercomprehensiveincomelossnetoftax": -3336000,
        "comprehensiveincomenetoftaxincludingportionattributabletononcontrollinginterest": 211315000,
        "comprehensiveincomenetoftaxattributabletononcontrollinginterest": 32205000,
        "comprehensiveincomenetoftax": 179110000
    },
    {
        "date": "2023-09-29",
        "symbol": "WSO",
        "period": "Q3",
        "revenues": 2126845000,
        "costofgoodsandservicessold": 1559900000,
        "grossprofit": 566945000,
        "sellinggeneralandadministrativeexpense": 319834000,
        "incomelossfromequitymethodinvestments": 9506000,
        "operatingincomeloss": 256617000,
        "interestincomeexpensenet": -1890000,
        "incomelossfromcontinuingoperationsbeforeincometaxesextraordinaryitemsnoncontrollinginterest": 254727000,
        "incometaxexpensebenefit": 54103000,
        "profitloss": 200624000,
        "netincomelossattributabletononcontrollinginterest": 29671000,
        "netincomeloss": 170953000,
        "earningspersharebasic": 4.36,
        "earningspersharediluted": 4.35,
        "othercomprehensiveincomelossforeigncurrencytransactionandtranslationadjustmentnetoftax": -6966000,
        "othercomprehensiveincomelossnetoftax": -6966000,
        "comprehensiveincomenetoftaxincludingportionattributabletononcontrollinginterest": 193658000,
        "comprehensiveincomenetoftaxattributabletononcontrollinginterest": 27350000,
        "comprehensiveincomenetoftax": 166308000
    },
    {
        "date": "2023-06-29",
        "symbol": "WSO",
        "period": "Q2",
        "revenues": 2003084000,
        "costofgoodsandservicessold": 1440462000,
        "grossprofit": 562622000,
        "sellinggeneralandadministrativeexpense": 304155000,
        "incomelossfromequitymethodinvestments": 7238000,
        "operatingincomeloss": 265705000,
        "interestincomeexpensenet": -3415000,
        "incomelossfromcontinuingoperationsbeforeincometaxesextraordinaryitemsnoncontrollinginterest": 262290000,
        "incometaxexpensebenefit": 56887000,
        "profitloss": 205403000,
        "netincomelossattributabletononcontrollinginterest": 32639000,
        "netincomeloss": 172764000,
        "earningspersharebasic": 4.43,
        "earningspersharediluted": 4.42,
        "othercomprehensiveincomelossforeigncurrencytransactionandtranslationadjustmentnetoftax": 7115000,
        "othercomprehensiveincomelossnetoftax": 7115000,
        "comprehensiveincomenetoftaxincludingportionattributabletononcontrollinginterest": 212518000,
        "comprehensiveincomenetoftaxattributabletononcontrollinginterest": 34974000,
        "comprehensiveincomenetoftax": 177544000
    },
    {
        "date": "2022-09-29",
        "symbol": "WSO",
        "period": "Q3",
        "revenues": 2035796000,
        "costofgoodsandservicessold": 1484948000,
        "grossprofit": 550848000,
        "sellinggeneralandadministrativeexpense": 321522000,
        "incomelossfromequitymethodinvestments": 6927000,
        "operatingincomeloss": 236253000,
        "interestincomeexpensenet": -483000,
        "incomelossfromcontinuingoperationsbeforeincometaxesextraordinaryitemsnoncontrollinginterest": 235770000,
        "incometaxexpensebenefit": 49600000,
        "profitloss": 186170000,
        "netincomelossattributabletononcontrollinginterest": 28529000,
        "netincomeloss": 157641000,
        "earningspersharebasic": 4.04,
        "earningspersharediluted": 4.03,
        "othercomprehensiveincomelossforeigncurrencytransactionandtranslationadjustmentnetoftax": -19091000,
        "othercomprehensiveincomelossnetoftax": -19091000,
        "comprehensiveincomenetoftaxincludingportionattributabletononcontrollinginterest": 167079000,
        "comprehensiveincomenetoftaxattributabletononcontrollinginterest": 22040000,
        "comprehensiveincomenetoftax": 145039000
    },
    {
        "date": "2022-06-29",
        "symbol": "WSO",
        "period": "Q2",
        "revenues": 2133755000,
        "costofgoodsandservicessold": 1538222000,
        "grossprofit": 595533000,
        "sellinggeneralandadministrativeexpense": 314753000,
        "incomelossfromequitymethodinvestments": 6317000,
        "operatingincomeloss": 287097000,
        "interestincomeexpensenet": -1110000,
        "incomelossfromcontinuingoperationsbeforeincometaxesextraordinaryitemsnoncontrollinginterest": 285987000,
        "incometaxexpensebenefit": 60481000,
        "profitloss": 225506000,
        "netincomelossattributabletononcontrollinginterest": 32949000,
        "netincomeloss": 192557000,
        "earningspersharebasic": 4.94,
        "earningspersharediluted": 4.93,
        "othercomprehensiveincomelossforeigncurrencytransactionandtranslationadjustmentnetoftax": -9381000,
        "othercomprehensiveincomelossnetoftax": -9381000,
        "comprehensiveincomenetoftaxincludingportionattributabletononcontrollinginterest": 216125000,
        "comprehensiveincomenetoftaxattributabletononcontrollinginterest": 29833000,
        "comprehensiveincomenetoftax": 186292000
    },
    {
        "date": "2022-03-30",
        "symbol": "WSO",
        "period": "Q1",
        "revenues": 1523570000,
        "costofgoodsandservicessold": 1073212000,
        "grossprofit": 450358000,
        "sellinggeneralandadministrativeexpense": 283354000,
        "incomelossfromequitymethodinvestments": 4045000,
        "operatingincomeloss": 171049000,
        "interestincomeexpensenet": -558000,
        "incomelossfromcontinuingoperationsbeforeincometaxesextraordinaryitemsnoncontrollinginterest": 170491000,
        "incometaxexpensebenefit": 35601000,
        "profitloss": 134890000,
        "netincomelossattributabletononcontrollinginterest": 21592000,
        "netincomeloss": 113298000,
        "earningspersharebasic": 2.91,
        "earningspersharediluted": 2.9,
        "othercomprehensiveincomelossforeigncurrencytransactionandtranslationadjustmentnetoftax": 4381000,
        "othercomprehensiveincomelossnetoftax": 4381000,
        "comprehensiveincomenetoftaxincludingportionattributabletononcontrollinginterest": 139271000,
        "comprehensiveincomenetoftaxattributabletononcontrollinginterest": 23038000,
        "comprehensiveincomenetoftax": 116233000
    },
    {
        "date": "2021-09-29",
        "symbol": "WSO",
        "period": "Q3",
        "revenues": 1782569000,
        "costofgoodsandservicessold": 1299905000,
        "grossprofit": 482664000,
        "sellinggeneralandadministrativeexpense": 281922000,
        "incomelossfromequitymethodinvestments": 6057000,
        "operatingincomeloss": 206799000,
        "interestincomeexpensenet": -221000,
        "incomelossfromcontinuingoperationsbeforeincometaxesextraordinaryitemsnoncontrollinginterest": 206578000,
        "incometaxexpensebenefit": 41734000,
        "profitloss": 164844000,
        "netincomelossattributabletononcontrollinginterest": 23979000,
        "netincomeloss": 140865000,
        "othercomprehensiveincomelossforeigncurrencytransactionandtranslationadjustmentnetoftax": -8219000,
        "othercomprehensiveincomeunrealizedgainlossonderivativesarisingduringperiodnetoftax": 0,
        "othercomprehensiveincomelossreclassificationadjustmentfromaocionderivativesnetoftax": 0,
        "othercomprehensiveincomelossnetoftax": -8219000,
        "comprehensiveincomenetoftaxincludingportionattributabletononcontrollinginterest": 156625000,
        "comprehensiveincomenetoftaxattributabletononcontrollinginterest": 21114000,
        "comprehensiveincomenetoftax": 135511000
    },
    {
        "date": "2021-06-29",
        "symbol": "WSO",
        "period": "Q2",
        "revenues": 1849640000,
        "costofgoodsandservicessold": 1371699000,
        "grossprofit": 477941000,
        "sellinggeneralandadministrativeexpense": 266697000,
        "incomelossfromequitymethodinvestments": 5539000,
        "operatingincomeloss": 216783000,
        "interestincomeexpensenet": -448000,
        "incomelossfromcontinuingoperationsbeforeincometaxesextraordinaryitemsnoncontrollinginterest": 216335000,
        "incometaxexpensebenefit": 44202000,
        "profitloss": 172133000,
        "netincomelossattributabletononcontrollinginterest": 28031000,
        "netincomeloss": 144102000,
        "earningspersharebasic": 3.73,
        "earningspersharediluted": 3.71,
        "othercomprehensiveincomelossforeigncurrencytransactionandtranslationadjustmentnetoftax": 4016000,
        "othercomprehensiveincomeunrealizedgainlossonderivativesarisingduringperiodnetoftax": -6000,
        "othercomprehensiveincomelossreclassificationadjustmentfromaocionderivativesnetoftax": 22000,
        "othercomprehensiveincomelossnetoftax": 3988000,
        "comprehensiveincomenetoftaxincludingportionattributabletononcontrollinginterest": 176121000,
        "comprehensiveincomenetoftaxattributabletononcontrollinginterest": 29370000,
        "comprehensiveincomenetoftax": 146751000
    },
    {
        "date": "2021-03-30",
        "symbol": "WSO",
        "period": "Q1",
        "revenues": 1136118000,
        "costofgoodsandservicessold": 841297000,
        "grossprofit": 294821000,
        "sellinggeneralandadministrativeexpense": 217612000,
        "incomelossfromequitymethodinvestments": 4671000,
        "operatingincomeloss": 81880000,
        "interestincomeexpensenet": -88000,
        "incomelossfromcontinuingoperationsbeforeincometaxesextraordinaryitemsnoncontrollinginterest": 81792000,
        "incometaxexpensebenefit": 15665000,
        "profitloss": 66127000,
        "netincomelossattributabletononcontrollinginterest": 11035000,
        "netincomeloss": 55092000,
        "earningspersharebasicanddiluted": 1.39,
        "othercomprehensiveincomelossforeigncurrencytransactionandtranslationadjustmentnetoftax": 3457000,
        "othercomprehensiveincomeunrealizedgainlossonderivativesarisingduringperiodnetoftax": 76000,
        "othercomprehensiveincomelossreclassificationadjustmentfromaocionderivativesnetoftax": -243000,
        "othercomprehensiveincomelossnetoftax": 3776000,
        "comprehensiveincomenetoftaxincludingportionattributabletononcontrollinginterest": 69903000,
        "comprehensiveincomenetoftaxattributabletononcontrollinginterest": 12337000,
        "comprehensiveincomenetoftax": 57566000
    },
    {
        "date": "2020-12-30",
        "symbol": "WSO",
        "period": "Q4",
        "revenues": 1154716000,
        "costofgoodsandservicessold": 872472000,
        "grossprofit": 282244000,
        "sellinggeneralandadministrativeexpense": 214575000,
        "incomelossfromequitymethodinvestments": 2092000,
        "operatingincomeloss": 69761000,
        "interestincomeexpensenet": -58000,
        "incomelossfromcontinuingoperationsbeforeincometaxesextraordinaryitemsnoncontrollinginterest": 69703000,
        "incometaxexpensebenefit": 13226000,
        "profitloss": 56477000,
        "netincomelossattributabletononcontrollinginterest": 10467000,
        "netincomeloss": 46010000,
        "othercomprehensiveincomelossforeigncurrencytransactionandtranslationadjustmentnetoftax": 12864000,
        "othercomprehensiveincomeunrealizedgainlossonderivativesarisingduringperiodnetoftax": -68000,
        "othercomprehensiveincomelossreclassificationadjustmentfromaocionderivativesnetoftax": -273000,
        "othercomprehensiveincomelossnetoftax": 13069000,
        "comprehensiveincomenetoftaxincludingportionattributabletononcontrollinginterest": 69546000,
        "comprehensiveincomenetoftaxattributabletononcontrollinginterest": 15158000,
        "comprehensiveincomenetoftax": 54388000
    },
    {
        "date": "2020-09-29",
        "symbol": "WSO",
        "period": "Q3",
        "revenues": 1536671000,
        "costofgoodsandservicessold": 1162908000,
        "grossprofit": 373763000,
        "sellinggeneralandadministrativeexpense": 221037000,
        "incomelossfromequitymethodinvestments": 4055000,
        "operatingincomeloss": 156781000,
        "interestincomeexpensenet": -108000,
        "incomelossfromcontinuingoperationsbeforeincometaxesextraordinaryitemsnoncontrollinginterest": 156673000,
        "incometaxexpensebenefit": 30467000,
        "profitloss": 126206000,
        "netincomelossattributabletononcontrollinginterest": 19717000,
        "netincomeloss": 106489000,
        "earningspersharebasic": 2.77,
        "earningspersharediluted": 2.76,
        "othercomprehensiveincomelossforeigncurrencytransactionandtranslationadjustmentnetoftax": 5514000,
        "othercomprehensiveincomeunrealizedgainlossonderivativesarisingduringperiodnetoftax": -416000,
        "othercomprehensiveincomelossreclassificationadjustmentfromaocionderivativesnetoftax": 509000,
        "othercomprehensiveincomelossnetoftax": 4589000,
        "comprehensiveincomenetoftaxincludingportionattributabletononcontrollinginterest": 130795000,
        "comprehensiveincomenetoftaxattributabletononcontrollinginterest": 21283000,
        "comprehensiveincomenetoftax": 109512000
    },
    {
        "date": "2020-06-29",
        "symbol": "WSO",
        "period": "Q2",
        "revenues": 1355385000,
        "costofgoodsandservicessold": 1036186000,
        "grossprofit": 319199000,
        "sellinggeneralandadministrativeexpense": 194053000,
        "incomelossfromequitymethodinvestments": 4103000,
        "operatingincomeloss": 129249000,
        "interestincomeexpensenet": -283000,
        "incomelossfromcontinuingoperationsbeforeincometaxesextraordinaryitemsnoncontrollinginterest": 128966000,
        "incometaxexpensebenefit": 24724000,
        "profitloss": 104242000,
        "netincomelossattributabletononcontrollinginterest": 17664000,
        "netincomeloss": 86578000,
        "earningspersharebasic": 2.26,
        "earningspersharediluted": 2.26,
        "othercomprehensiveincomelossforeigncurrencytransactionandtranslationadjustmentnetoftax": 9823000,
        "othercomprehensiveincomeunrealizedgainlossonderivativesarisingduringperiodnetoftax": -1170000,
        "othercomprehensiveincomelossreclassificationadjustmentfromaocionderivativesnetoftax": 297000,
        "othercomprehensiveincomelossnetoftax": 8356000,
        "comprehensiveincomenetoftaxincludingportionattributabletononcontrollinginterest": 112598000,
        "comprehensiveincomenetoftaxattributabletononcontrollinginterest": 20499000,
        "comprehensiveincomenetoftax": 92099000
    },
    {
        "date": "2020-03-30",
        "symbol": "WSO",
        "period": "Q1",
        "revenues": 1008156000,
        "costofgoodsandservicessold": 760541000,
        "grossprofit": 247615000,
        "sellinggeneralandadministrativeexpense": 203386000,
        "incomelossfromequitymethodinvestments": 1014000,
        "operatingincomeloss": 45243000,
        "interestincomeexpensenet": -790000,
        "incomelossfromcontinuingoperationsbeforeincometaxesextraordinaryitemsnoncontrollinginterest": 44453000,
        "incometaxexpensebenefit": 8206000,
        "profitloss": 36247000,
        "netincomelossattributabletononcontrollinginterest": 5745000,
        "netincomeloss": 30502000,
        "earningspersharebasicanddiluted": 0.72,
        "othercomprehensiveincomelossforeigncurrencytransactionandtranslationadjustmentnetoftax": -21929000,
        "othercomprehensiveincomeunrealizedgainlossonderivativesarisingduringperiodnetoftax": 2534000,
        "othercomprehensiveincomelossreclassificationadjustmentfromaocionderivativesnetoftax": -115000,
        "othercomprehensiveincomelossnetoftax": -19280000,
        "comprehensiveincomenetoftaxincludingportionattributabletononcontrollinginterest": 16967000,
        "comprehensiveincomenetoftaxattributabletononcontrollinginterest": -796000,
        "comprehensiveincomenetoftax": 17763000
    },
    {
        "date": "2019-09-29",
        "symbol": "WSO",
        "period": "Q3",
        "revenues": 1394915000,
        "costofgoodsandservicessold": 1060224000,
        "grossprofit": 334691000,
        "sellinggeneralandadministrativeexpense": 212902000,
        "incomelossfromequitymethodinvestments": 3530000,
        "operatingincomeloss": 125319000,
        "interestincomeexpensenet": -1434000,
        "incomelossfromcontinuingoperationsbeforeincometaxesextraordinaryitemsnoncontrollinginterest": 123885000,
        "incometaxexpensebenefit": 24230000,
        "profitloss": 99655000,
        "netincomelossattributabletononcontrollinginterest": 16175000,
        "netincomeloss": 83480000,
        "earningspersharebasic": 2.2,
        "earningspersharediluted": 2.2,
        "othercomprehensiveincomelossforeigncurrencytransactionandtranslationadjustmentnetoftax": -3038000,
        "othercomprehensiveincomeunrealizedgainlossonderivativesarisingduringperiodnetoftax": 255000,
        "othercomprehensiveincomelossreclassificationadjustmentfromaocionderivativesnetoftax": 140000,
        "othercomprehensiveincomelossnetoftax": -2923000,
        "comprehensiveincomenetoftaxincludingportionattributabletononcontrollinginterest": 96732000,
        "comprehensiveincomenetoftaxattributabletononcontrollinginterest": 15146000,
        "comprehensiveincomenetoftax": 81586000
    },
    {
        "date": "2019-06-29",
        "symbol": "WSO",
        "period": "Q2",
        "revenues": 1371854000,
        "costofgoodsandservicessold": 1043870000,
        "grossprofit": 327984000,
        "sellinggeneralandadministrativeexpense": 196549000,
        "incomelossfromequitymethodinvestments": 2965000,
        "operatingincomeloss": 134400000,
        "interestexpense": 1212000,
        "incomelossfromcontinuingoperationsbeforeincometaxesextraordinaryitemsnoncontrollinginterest": 133188000,
        "incometaxexpensebenefit": 25278000,
        "profitloss": 107910000,
        "netincomelossattributabletononcontrollinginterest": 17755000,
        "netincomeloss": 90155000,
        "earningspersharebasic": 2.4,
        "earningspersharediluted": 2.4,
        "othercomprehensiveincomelossforeigncurrencytransactionandtranslationadjustmentnetoftax": 5297000,
        "othercomprehensiveincomeunrealizedgainlossonderivativesarisingduringperiodnetoftax": -517000,
        "othercomprehensiveincomelossreclassificationadjustmentfromaocionderivativesnetoftax": 128000,
        "othercomprehensiveincomelossnetoftax": 4652000,
        "comprehensiveincomenetoftaxincludingportionattributabletononcontrollinginterest": 112562000,
        "comprehensiveincomenetoftaxattributabletononcontrollinginterest": 19368000,
        "comprehensiveincomenetoftax": 93194000
    },
    {
        "date": "2018-09-29",
        "symbol": "WSO",
        "period": "Q3",
        "revenues": 1176087000,
        "costofgoodsandservicessold": 976998000,
        "grossprofit": 319009000,
        "sellinggeneralandadministrativeexpense": 200408000,
        "incomelossfromequitymethodinvestments": 3696000,
        "operatingincomeloss": 122297000,
        "interestincomeexpensenet": -1047000,
        "incomelossfromcontinuingoperationsbeforeincometaxesextraordinaryitemsnoncontrollinginterest": 121250000,
        "incometaxexpensebenefit": 24364000,
        "profitloss": 96886000,
        "netincomelossattributabletononcontrollinginterest": 17723000,
        "netincomeloss": 79163000,
        "earningspersharebasic": 2.12,
        "earningspersharediluted": 2.11,
        "othercomprehensiveincomelossforeigncurrencytransactionandtranslationadjustmentnetoftax": 4269000,
        "othercomprehensiveincomeunrealizedgainlossonderivativesarisingduringperiodnetoftax": 231000,
        "othercomprehensiveincomelossreclassificationadjustmentfromaocionderivativesnetoftax": 915000,
        "othercomprehensiveincomelossnetoftax": 3585000,
        "comprehensiveincomenetoftaxincludingportionattributabletononcontrollinginterest": 100471000,
        "comprehensiveincomenetoftaxattributabletononcontrollinginterest": 19006000,
        "comprehensiveincomenetoftax": 81465000
    },
    {
        "date": "2018-06-29",
        "symbol": "WSO",
        "period": "Q2",
        "revenues": 1217376000,
        "costofgoodsandservicessold": 1011977000,
        "grossprofit": 320766000,
        "sellinggeneralandadministrativeexpense": 186577000,
        "incomelossfromequitymethodinvestments": 3157000,
        "operatingincomeloss": 137346000,
        "interestincomeexpensenet": -763000,
        "incomelossfromcontinuingoperationsbeforeincometaxesextraordinaryitemsnoncontrollinginterest": 136583000,
        "incometaxexpensebenefit": 28319000,
        "profitloss": 108264000,
        "netincomelossattributabletononcontrollinginterest": 18307000,
        "netincomeloss": 89957000,
        "earningspersharebasic": 2.41,
        "earningspersharediluted": 2.4,
        "othercomprehensiveincomelossforeigncurrencytransactionandtranslationadjustmentnetoftax": -5046000,
        "othercomprehensiveincomeunrealizedgainlossonderivativesarisingduringperiodnetoftax": 380000,
        "othercomprehensiveincomelossreclassificationadjustmentfromaocionderivativesnetoftax": -105000,
        "othercomprehensiveincomelossnetoftax": -4561000,
        "comprehensiveincomenetoftaxincludingportionattributabletononcontrollinginterest": 103703000,
        "comprehensiveincomenetoftaxattributabletononcontrollinginterest": 16636000,
        "comprehensiveincomenetoftax": 87067000
    },
    {
        "date": "2017-09-29",
        "symbol": "WSO",
        "period": "Q3",
        "revenues": 1229591000,
        "costofgoodsandservicessold": 933696000,
        "grossprofit": 295895000,
        "sellinggeneralandadministrativeexpense": 183728000,
        "incomelossfromequitymethodinvestments": 2294000,
        "operatingincomeloss": 114461000,
        "interestincomeexpensenet": -2117000,
        "incomelossfromcontinuingoperationsbeforeincometaxesextraordinaryitemsnoncontrollinginterest": 112344000,
        "incometaxexpensebenefit": 32325000,
        "profitloss": 80019000,
        "netincomelossattributabletononcontrollinginterest": 14990000,
        "netincomeloss": 65029000,
        "earningspersharebasic": 1.82,
        "earningspersharediluted": 1.82,
        "othercomprehensiveincomelossforeigncurrencytransactionandtranslationadjustmentnetoftax": 9385000,
        "othercomprehensiveincomeunrealizedgainlossonderivativesarisingduringperiodnetoftax": -934000,
        "othercomprehensiveincomelossreclassificationadjustmentfromaocionderivativesnetoftax": -64000,
        "othercomprehensiveincomeunrealizedholdinggainlossonsecuritiesarisingduringperiodnetoftax": 13000,
        "othercomprehensiveincomelossnetoftax": 8528000,
        "comprehensiveincomenetoftaxincludingportionattributabletononcontrollinginterest": 88547000,
        "comprehensiveincomenetoftaxattributabletononcontrollinginterest": 18201000,
        "comprehensiveincomenetoftax": 70346000
    },
    {
        "date": "2017-06-29",
        "symbol": "WSO",
        "period": "Q2",
        "revenues": 1275924000,
        "costofgoodsandservicessold": 965646000,
        "grossprofit": 310278000,
        "sellinggeneralandadministrativeexpense": 180930000,
        "operatingincomeloss": 129348000,
        "interestincomeexpensenet": -1647000,
        "incomelossfromcontinuingoperationsbeforeincometaxesextraordinaryitemsnoncontrollinginterest": 127701000,
        "incometaxexpensebenefit": 36854000,
        "profitloss": 90847000,
        "netincomelossattributabletononcontrollinginterest": 17091000,
        "netincomeloss": 73756000,
        "earningspersharebasic": 2.07,
        "earningspersharediluted": 2.07,
        "othercomprehensiveincomelossforeigncurrencytransactionandtranslationadjustmentnetoftax": 5770000,
        "othercomprehensiveincomeunrealizedgainlossonderivativesarisingduringperiodnetoftax": 222000,
        "othercomprehensiveincomelossreclassificationadjustmentfromaocionderivativesnetoftax": 683000,
        "othercomprehensiveincomeunrealizedholdinggainlossonsecuritiesarisingduringperiodnetoftax": -5000,
        "othercomprehensiveincomelossnetoftax": 5304000,
        "comprehensiveincomenetoftaxincludingportionattributabletononcontrollinginterest": 96151000,
        "comprehensiveincomenetoftaxattributabletononcontrollinginterest": 19094000,
        "comprehensiveincomenetoftax": 77057000
    },
    {
        "date": "2017-03-30",
        "symbol": "WSO",
        "period": "Q1",
        "revenues": 872095000,
        "costofgoodsandservicessold": 653539000,
        "grossprofit": 218556000,
        "sellinggeneralandadministrativeexpense": 169857000,
        "operatingincomeloss": 48699000,
        "interestincomeexpensenet": -1255000,
        "incomelossfromcontinuingoperationsbeforeincometaxesextraordinaryitemsnoncontrollinginterest": 47444000,
        "incometaxexpensebenefit": 13676000,
        "profitloss": 33768000,
        "netincomelossattributabletononcontrollinginterest": 7587000,
        "netincomeloss": 26181000,
        "earningspersharebasicanddiluted": 0.71,
        "othercomprehensiveincomelossforeigncurrencytransactionandtranslationadjustmentnetoftax": 2155000,
        "othercomprehensiveincomeunrealizedgainlossonderivativesarisingduringperiodnetoftax": -309000,
        "othercomprehensiveincomelossreclassificationadjustmentfromaocionderivativesnetoftax": 178000,
        "othercomprehensiveincomeunrealizedholdinggainlossonsecuritiesarisingduringperiodnetoftax": 8000,
        "othercomprehensiveincomelossnetoftax": 1676000,
        "comprehensiveincomenetoftaxincludingportionattributabletononcontrollinginterest": 35444000,
        "comprehensiveincomenetoftaxattributabletononcontrollinginterest": 8223000,
        "comprehensiveincomenetoftax": 27221000
    },
    {
        "date": "2016-09-29",
        "symbol": "WSO",
        "period": "Q3",
        "revenues": 1241232000,
        "costofgoodsandservicessold": 939028000,
        "grossprofit": 302204000,
        "sellinggeneralandadministrativeexpense": 182904000,
        "operatingincomeloss": 119300000,
        "interestexpense": 996000,
        "incomelossfromcontinuingoperationsbeforeincometaxesextraordinaryitemsnoncontrollinginterest": 118304000,
        "incometaxexpensebenefit": -591000,
        "profitloss": 80518000,
        "netincomelossattributabletononcontrollinginterest": 17419000,
        "netincomeloss": 63099000,
        "earningspersharebasic": 1.78,
        "earningspersharediluted": 1.78,
        "othercomprehensiveincomelossforeigncurrencytransactionandtranslationadjustmentnetoftax": -3453000,
        "othercomprehensiveincomeunrealizedgainlossonderivativesarisingduringperiodnetoftax": 391000,
        "othercomprehensiveincomelossreclassificationadjustmentfromaocionderivativesnetoftax": -94000,
        "othercomprehensiveincomeunrealizedholdinggainlossonsecuritiesarisingduringperiodnetoftax": 12000,
        "othercomprehensiveincomelossnetoftax": -2956000,
        "comprehensiveincomenetoftaxincludingportionattributabletononcontrollinginterest": 77562000,
        "comprehensiveincomenetoftaxattributabletononcontrollinginterest": 16291000,
        "comprehensiveincomenetoftax": 61271000
    },
    {
        "date": "2016-06-29",
        "symbol": "WSO",
        "period": "Q2",
        "revenues": 1214435000,
        "costofgoodsandservicessold": 922574000,
        "grossprofit": 291861000,
        "sellinggeneralandadministrativeexpense": 174271000,
        "operatingincomeloss": 117590000,
        "interestexpense": 1054000,
        "incomelossfromcontinuingoperationsbeforeincometaxesextraordinaryitemsnoncontrollinginterest": 116536000,
        "incometaxexpensebenefit": -2307000,
        "profitloss": 81424000,
        "netincomelossattributabletononcontrollinginterest": 16803000,
        "netincomeloss": 64621000,
        "earningspersharebasic": 1.82,
        "earningspersharediluted": 1.82,
        "othercomprehensiveincomelossforeigncurrencytransactionandtranslationadjustmentnetoftax": 1193000,
        "othercomprehensiveincomeunrealizedgainlossonderivativesarisingduringperiodnetoftax": -1082000,
        "othercomprehensiveincomelossreclassificationadjustmentfromaocionderivativesnetoftax": -1176000,
        "othercomprehensiveincomeunrealizedholdinggainlossonsecuritiesarisingduringperiodnetoftax": -18000,
        "othercomprehensiveincomelossnetoftax": 1269000,
        "comprehensiveincomenetoftaxincludingportionattributabletononcontrollinginterest": 82693000,
        "comprehensiveincomenetoftaxattributabletononcontrollinginterest": 17300000,
        "comprehensiveincomenetoftax": 65393000
    },
    {
        "date": "2016-03-30",
        "symbol": "WSO",
        "period": "Q1",
        "revenues": 851424000,
        "costofgoodsandservicessold": 638977000,
        "grossprofit": 212447000,
        "sellinggeneralandadministrativeexpense": 161779000,
        "operatingincomeloss": 50668000,
        "interestexpense": 986000,
        "incomelossfromcontinuingoperationsbeforeincometaxesextraordinaryitemsnoncontrollinginterest": 49682000,
        "incometaxexpensebenefit": 15508000,
        "profitloss": 34174000,
        "netincomelossattributabletononcontrollinginterest": 8637000,
        "netincomeloss": 25537000,
        "earningspersharebasicanddiluted": 0.71,
        "othercomprehensiveincomelossforeigncurrencytransactionandtranslationadjustmentnetoftax": 13693000,
        "othercomprehensiveincomeunrealizedgainlossonderivativesarisingduringperiodnetoftax": -793000,
        "othercomprehensiveincomelossreclassificationadjustmentfromaocionderivativesnetoftax": 778000,
        "othercomprehensiveincomeunrealizedholdinggainlossonsecuritiesarisingduringperiodnetoftax": 9000,
        "othercomprehensiveincomelossnetoftax": 12131000,
        "comprehensiveincomenetoftaxincludingportionattributabletononcontrollinginterest": 46305000,
        "comprehensiveincomenetoftaxattributabletononcontrollinginterest": 13340000,
        "comprehensiveincomenetoftax": 32965000
    },
    {
        "date": "2015-09-29",
        "symbol": "WSO",
        "period": "Q3",
        "revenues": 1177012000,
        "costofgoodsandservicessold": 891166000,
        "grossprofit": 285846000,
        "sellinggeneralandadministrativeexpense": 175166000,
        "operatingincomeloss": 110680000,
        "interestexpense": 1519000,
        "incomelossfromcontinuingoperationsbeforeincometaxesextraordinaryitemsnoncontrollinginterest": 109161000,
        "incometaxexpensebenefit": 34517000,
        "profitloss": 74644000,
        "netincomelossattributabletononcontrollinginterest": 16676000,
        "netincomeloss": 57968000,
        "earningspersharebasicanddiluted": 1.64,
        "othercomprehensiveincomelossforeigncurrencytransactionandtranslationadjustmentnetoftax": -14682000,
        "othercomprehensiveincomeunrealizedgainlossonderivativesarisingduringperiodnetoftax": 946000,
        "othercomprehensiveincomelossreclassificationadjustmentfromaocionderivativesnetoftax": 260000,
        "othercomprehensiveincomeunrealizedholdinggainlossonsecuritiesarisingduringperiodnetoftax": -15000,
        "othercomprehensiveincomelossnetoftax": -14011000,
        "comprehensiveincomenetoftaxincludingportionattributabletononcontrollinginterest": 60633000,
        "comprehensiveincomenetoftaxattributabletononcontrollinginterest": 11058000,
        "comprehensiveincomenetoftax": 49575000
    },
    {
        "date": "2015-06-29",
        "symbol": "WSO",
        "period": "Q2",
        "revenues": 1223439000,
        "costofgoodsandservicessold": 928194000,
        "grossprofit": 295245000,
        "sellinggeneralandadministrativeexpense": 170386000,
        "operatingincomeloss": 124859000,
        "interestexpense": 1630000,
        "incomelossfromcontinuingoperationsbeforeincometaxesextraordinaryitemsnoncontrollinginterest": 123229000,
        "incometaxexpensebenefit": 38988000,
        "profitloss": 84241000,
        "netincomelossattributabletononcontrollinginterest": 18818000,
        "netincomeloss": 65423000,
        "earningspersharebasic": 1.86,
        "earningspersharediluted": 1.85,
        "othercomprehensiveincomelossforeigncurrencytransactionandtranslationadjustmentnetoftax": 2972000,
        "othercomprehensiveincomeunrealizedgainlossonderivativesarisingduringperiodnetoftax": -241000,
        "othercomprehensiveincomelossreclassificationadjustmentfromaocionderivativesnetoftax": 997000,
        "othercomprehensiveincomeunrealizedholdinggainlossonsecuritiesarisingduringperiodnetoftax": 14000,
        "othercomprehensiveincomelossnetoftax": 1748000,
        "comprehensiveincomenetoftaxincludingportionattributabletononcontrollinginterest": 85989000,
        "comprehensiveincomenetoftaxattributabletononcontrollinginterest": 19516000,
        "comprehensiveincomenetoftax": 66473000
    },
    {
        "date": "2015-03-30",
        "symbol": "WSO",
        "period": "Q1",
        "revenues": 808972000,
        "costofgoodsandservicessold": 604747000,
        "grossprofit": 204225000,
        "sellinggeneralandadministrativeexpense": 157217000,
        "operatingincomeloss": 47008000,
        "interestexpense": 1377000,
        "incomelossfromcontinuingoperationsbeforeincometaxesextraordinaryitemsnoncontrollinginterest": 45631000,
        "incometaxexpensebenefit": 14331000,
        "profitloss": 31300000,
        "netincomelossattributabletononcontrollinginterest": 8252000,
        "netincomeloss": 23048000,
        "earningspersharebasic": 0.65,
        "earningspersharediluted": 0.65,
        "othercomprehensiveincomelossforeigncurrencytransactionandtranslationadjustmentnetoftax": -19875000,
        "othercomprehensiveincomeunrealizedgainlossonderivativesarisingduringperiodnetoftax": 1626000,
        "othercomprehensiveincomelossreclassificationadjustmentfromaocionderivativesnetoftax": 137000,
        "othercomprehensiveincomeunrealizedholdinggainlossonsecuritiesarisingduringperiodnetoftax": 7000,
        "othercomprehensiveincomelossnetoftax": -18379000,
        "comprehensiveincomenetoftaxincludingportionattributabletononcontrollinginterest": 12921000,
        "comprehensiveincomenetoftaxattributabletononcontrollinginterest": 816000,
        "comprehensiveincomenetoftax": 12105000
    },
    {
        "date": "2014-09-29",
        "symbol": "WSO",
        "period": "Q3",
        "revenues": 1134999000,
        "costofgoodsandservicessold": 860234000,
        "grossprofit": 274765000,
        "sellinggeneralandadministrativeexpense": 169527000,
        "operatingincomeloss": 105238000,
        "interestexpense": 1534000,
        "incomelossfromcontinuingoperationsbeforeincometaxesextraordinaryitemsnoncontrollinginterest": 103704000,
        "incometaxexpensebenefit": 32573000,
        "profitloss": 71131000,
        "netincomelossattributabletononcontrollinginterest": 16670000,
        "netincomeloss": 54461000,
        "earningspersharebasic": 1.56,
        "earningspersharediluted": 1.56,
        "othercomprehensiveincomelossforeigncurrencytransactionandtranslationadjustmentnetoftax": -11996000,
        "othercomprehensiveincomeunrealizedholdinggainlossonsecuritiesarisingduringperiodnetoftax": -5000,
        "othercomprehensiveincomelossnetoftax": -12001000,
        "comprehensiveincomenetoftaxincludingportionattributabletononcontrollinginterest": 59130000,
        "comprehensiveincomenetoftaxattributabletononcontrollinginterest": 11723000,
        "comprehensiveincomenetoftax": 47407000
    },
    {
        "date": "2014-06-29",
        "symbol": "WSO",
        "period": "Q2",
        "revenues": 1170186000,
        "costofgoodsandservicessold": 890913000,
        "grossprofit": 279273000,
        "sellinggeneralandadministrativeexpense": 166293000,
        "operatingincomeloss": 112980000,
        "interestexpense": 1247000,
        "incomelossfromcontinuingoperationsbeforeincometaxesextraordinaryitemsnoncontrollinginterest": 111733000,
        "incometaxexpensebenefit": 33348000,
        "profitloss": 78385000,
        "netincomelossattributabletononcontrollinginterest": 22284000,
        "netincomeloss": 56101000,
        "earningspersharebasic": 1.6,
        "earningspersharediluted": 1.6,
        "othercomprehensiveincomelossforeigncurrencytransactionandtranslationadjustmentnetoftax": 8562000,
        "othercomprehensiveincomeunrealizedholdinggainlossonsecuritiesarisingduringperiodnetoftax": -9000,
        "othercomprehensiveincomelossnetoftax": 8553000,
        "comprehensiveincomenetoftaxincludingportionattributabletononcontrollinginterest": 86938000,
        "comprehensiveincomenetoftaxattributabletononcontrollinginterest": 25817000,
        "comprehensiveincomenetoftax": 61121000
    },
    {
        "date": "2014-03-30",
        "symbol": "WSO",
        "period": "Q1",
        "revenues": 762568000,
        "costofgoodsandservicessold": 574499000,
        "grossprofit": 188069000,
        "sellinggeneralandadministrativeexpense": 152516000,
        "operatingincomeloss": 35553000,
        "interestexpense": 1009000,
        "incomelossfromcontinuingoperationsbeforeincometaxesextraordinaryitemsnoncontrollinginterest": 34544000,
        "incometaxexpensebenefit": 10141000,
        "profitloss": 24403000,
        "netincomelossattributabletononcontrollinginterest": 7650000,
        "netincomeloss": 16753000,
        "earningspersharebasic": 0.48,
        "earningspersharediluted": 0.48,
        "othercomprehensiveincomelossforeigncurrencytransactionandtranslationadjustmentnetoftax": -9214000,
        "othercomprehensiveincomeunrealizedholdinggainlossonsecuritiesarisingduringperiodnetoftax": 1000,
        "othercomprehensiveincomelossnetoftax": -9213000,
        "comprehensiveincomenetoftaxincludingportionattributabletononcontrollinginterest": 15190000,
        "comprehensiveincomenetoftaxattributabletononcontrollinginterest": 3810000,
        "comprehensiveincomenetoftax": 11380000
    },
    {
        "date": "2013-09-29",
        "symbol": "WSO",
        "period": "Q3",
        "revenues": 1081893000,
        "costofgoodsandservicessold": 823296000,
        "grossprofit": 258597000,
        "sellinggeneralandadministrativeexpense": 163142000,
        "operatingincomeloss": 95455000,
        "interestexpense": 1781000,
        "incomelossfromcontinuingoperationsbeforeincometaxesminorityinterestandincomelossfromequitymethodinvestments": 93674000,
        "incometaxexpensebenefit": 27556000,
        "profitloss": 66118000,
        "netincomelossattributabletononcontrollinginterest": 20419000,
        "netincomeloss": 45699000,
        "earningspersharebasic": 1.32,
        "earningspersharediluted": 1.32,
        "othercomprehensiveincomelossforeigncurrencytransactionandtranslationadjustmentnetoftax": 5073000,
        "othercomprehensiveincomeunrealizedholdinggainlossonsecuritiesarisingduringperiodnetoftax": 18000,
        "othercomprehensiveincomelossnetoftax": 5091000,
        "comprehensiveincomenetoftaxincludingportionattributabletononcontrollinginterest": 71209000,
        "comprehensiveincomenetoftaxattributabletononcontrollinginterest": 22588000,
        "comprehensiveincomenetoftax": 48621000
    },
    {
        "date": "2013-06-29",
        "symbol": "WSO",
        "period": "Q2",
        "revenues": 1120452000,
        "costofgoodsandservicessold": 853772000,
        "grossprofit": 266680000,
        "sellinggeneralandadministrativeexpense": 161595000,
        "operatingincomeloss": 105085000,
        "interestexpense": 1688000,
        "incomelossfromcontinuingoperationsbeforeincometaxesminorityinterestandincomelossfromequitymethodinvestments": 103397000,
        "incometaxexpensebenefit": 30815000,
        "profitloss": 72582000,
        "netincomelossattributabletononcontrollinginterest": 21264000,
        "netincomeloss": 51318000,
        "earningspersharebasic": 1.48,
        "earningspersharediluted": 1.48,
        "othercomprehensiveincomelossforeigncurrencytransactionandtranslationadjustmentnetoftax": -8377000,
        "othercomprehensiveincomeunrealizedholdinggainlossonsecuritiesarisingduringperiodnetoftax": -11000,
        "othercomprehensiveincomelossnetoftax": -8388000,
        "comprehensiveincomenetoftaxincludingportionattributabletononcontrollinginterest": 64194000,
        "comprehensiveincomenetoftaxattributabletononcontrollinginterest": 17678000,
        "comprehensiveincomenetoftax": 46516000
    },
    {
        "date": "2013-03-30",
        "symbol": "WSO",
        "period": "Q1",
        "revenues": 713633000,
        "costofgoodsandservicessold": 538187000,
        "grossprofit": 175446000,
        "sellinggeneralandadministrativeexpense": 144892000,
        "operatingincomeloss": 30554000,
        "interestexpense": 1182000,
        "incomelossfromcontinuingoperationsbeforeincometaxesminorityinterestandincomelossfromequitymethodinvestments": 29372000,
        "incometaxexpensebenefit": 8283000,
        "profitloss": 21089000,
        "netincomelossattributabletononcontrollinginterest": -7704000,
        "netincomeloss": 13385000,
        "earningspersharebasic": 0.39,
        "earningspersharediluted": 0.39,
        "othercomprehensiveincomelossforeigncurrencytransactionandtranslationadjustmentnetoftax": -2885000,
        "othercomprehensiveincomeunrealizedholdinggainlossonsecuritiesarisingduringperiodnetoftax": 8000,
        "othercomprehensiveincomelossnetoftax": -2877000,
        "comprehensiveincomenetoftaxincludingportionattributabletononcontrollinginterest": 18212000,
        "comprehensiveincomenetoftaxattributabletononcontrollinginterest": 5526000,
        "comprehensiveincomenetoftax": 12686000
    },
    {
        "date": "2012-09-29",
        "symbol": "WSO",
        "period": "Q3",
        "revenues": 1020859000,
        "costofgoodsandservicessold": 778354000,
        "grossprofit": 242505000,
        "sellinggeneralandadministrativeexpense": 156808000,
        "operatingincomeloss": 85697000,
        "interestexpense": 1185000,
        "incomelossfromcontinuingoperationsbeforeincometaxesminorityinterestandincomelossfromequitymethodinvestments": 84512000,
        "incometaxexpensebenefit": 24981000,
        "profitloss": 59531000,
        "netincomelossattributabletononcontrollinginterest": 18526000,
        "netincomeloss": 41005000,
        "earningspersharebasic": 1.19,
        "earningspersharediluted": 1.19,
        "othercomprehensiveincomelossforeigncurrencytransactionandtranslationadjustmentnetoftax": 4731000,
        "othercomprehensiveincomeunrealizedholdinggainlossonsecuritiesarisingduringperiodnetoftax": 15000,
        "othercomprehensiveincomelossnetoftax": 4746000,
        "comprehensiveincomenetoftaxincludingportionattributabletononcontrollinginterest": 64277000,
        "comprehensiveincomenetoftaxattributabletononcontrollinginterest": 18526000,
        "comprehensiveincomenetoftax": 45751000
    },
    {
        "date": "2012-06-29",
        "symbol": "WSO",
        "period": "Q2",
        "revenues": 1011801000,
        "costofgoodsandservicessold": 773326000,
        "grossprofit": 238475000,
        "sellinggeneralandadministrativeexpense": 152604000,
        "operatingincomeloss": 85871000,
        "interestexpense": 1350000,
        "incomelossfromcontinuingoperationsbeforeincometaxesminorityinterestandincomelossfromequitymethodinvestments": 84521000,
        "incometaxexpensebenefit": 23620000,
        "profitloss": 60901000,
        "netincomelossattributabletononcontrollinginterest": 21798000,
        "netincomeloss": 39103000,
        "earningspersharebasic": 1.15,
        "earningspersharediluted": 1.15,
        "othercomprehensiveincomelossforeigncurrencytransactionandtranslationadjustmentnetoftax": -4840000,
        "othercomprehensiveincomeunrealizedholdinggainlossonsecuritiesarisingduringperiodnetoftax": -4000,
        "othercomprehensiveincomelossnetoftax": -4844000,
        "comprehensiveincomenetoftaxincludingportionattributabletononcontrollinginterest": 56057000,
        "comprehensiveincomenetoftaxattributabletononcontrollinginterest": 21798000,
        "comprehensiveincomenetoftax": 34259000
    },
    {
        "date": "2012-03-30",
        "symbol": "WSO",
        "period": "Q1",
        "revenues": 633512000,
        "costofgoodsandservicessold": 482890000,
        "grossprofit": 150622000,
        "sellinggeneralandadministrativeexpense": 130713000,
        "operatingincomeloss": 19909000,
        "interestexpense": 888000,
        "incomelossfromcontinuingoperationsbeforeincometaxesminorityinterestandincomelossfromequitymethodinvestments": 19021000,
        "incometaxexpensebenefit": 5529000,
        "profitloss": 13492000,
        "netincomelossattributabletononcontrollinginterest": 5026000,
        "netincomeloss": 8466000,
        "earningspersharebasic": 0.23,
        "earningspersharediluted": 0.23,
        "availableforsalesecuritieschangeinnetunrealizedholdinggainlossnetoftax": 16000,
        "othercomprehensiveincomelossnetoftaxperiodincreasedecrease": 16000,
        "comprehensiveincomenetoftaxincludingportionattributabletononcontrollinginterest": 13508000,
        "comprehensiveincomenetoftaxattributabletononcontrollinginterest": 5026000,
        "comprehensiveincomenetoftax": 8482000
    },
    {
        "date": "2011-12-30",
        "symbol": "WSO",
        "period": "Q4",
        "revenues": 645833000,
        "costofgoodsandservicessold": 485123000,
        "grossprofit": 160710000,
        "sellinggeneralandadministrativeexpense": -370800000,
        "operatingincomeloss": 32500000,
        "incomelossfromcontinuingoperationsbeforeincometaxesminorityinterestandincomelossfromequitymethodinvestments": 31213000,
        "incometaxexpensebenefit": 51989000,
        "profitloss": -24762000,
        "netincomelossattributabletononcontrollinginterest": 9150000,
        "netincomeloss": 13380000,
        "earningspersharebasic": 0.42999999999999994,
        "earningspersharediluted": 0.42000000000000015
    },
    {
        "date": "2011-09-29",
        "symbol": "WSO",
        "period": "Q3",
        "revenues": 914039000,
        "costofgoodsandservicessold": 694632000,
        "grossprofit": 219407000,
        "sellinggeneralandadministrativeexpense": 145096000,
        "operatingincomeloss": 74311000,
        "interestexpense": 1352000,
        "incomelossfromcontinuingoperationsbeforeincometaxesminorityinterestandincomelossfromequitymethodinvestments": 72959000,
        "incometaxexpensebenefit": 48000,
        "profitloss": 51818000,
        "netincomelossattributabletononcontrollinginterest": 18271000,
        "netincomeloss": 33547000,
        "earningspersharebasic": 1.02,
        "earningspersharediluted": 1.02
    },
    {
        "date": "2011-06-29",
        "symbol": "WSO",
        "period": "Q2",
        "revenues": 883548000,
        "costofgoodsandservicessold": 670357000,
        "grossprofit": 213191000,
        "sellinggeneralandadministrativeexpense": 137662000,
        "operatingincomeloss": 75529000,
        "interestexpense": 997000,
        "incomelossfromcontinuingoperationsbeforeincometaxesminorityinterestandincomelossfromequitymethodinvestments": 74532000,
        "incometaxexpensebenefit": 47000,
        "profitloss": 52272000,
        "netincomelossattributabletononcontrollinginterest": 16249000,
        "netincomeloss": 36023000,
        "earningspersharebasic": 1.09,
        "earningspersharediluted": 1.09
    },
    {
        "date": "2011-03-30",
        "symbol": "WSO",
        "period": "Q1",
        "revenues": 534339000,
        "costofgoodsandservicessold": 399353000,
        "grossprofit": 134986000,
        "sellinggeneralandadministrativeexpense": 118276000,
        "operatingincomeloss": 16710000,
        "interestexpensenet": 822000,
        "incomelossfromcontinuingoperationsbeforeincometaxesminorityinterestandincomelossfromequitymethodinvestments": 15888000,
        "incometaxexpensebenefit": 4766000,
        "profitloss": 11122000,
        "netincomelossattributabletononcontrollinginterest": 3622000,
        "netincomeloss": 7500000,
        "earningspersharebasic": 0.21,
        "earningspersharediluted": 0.21
    },
    {
        "date": "2010-09-29",
        "symbol": "WSO",
        "period": "Q3",
        "revenues": 812787000,
        "costofgoodsandservicessold": 617246000,
        "grossprofit": 195541000,
        "sellinggeneralandadministrativeexpense": 131548000,
        "operatingincomeloss": 63993000,
        "interestexpensenet": 869000,
        "incomelossfromcontinuingoperationsbeforeincometaxesminorityinterestandincomelossfromequitymethodinvestments": 63124000,
        "incometaxexpensebenefit": 19606000,
        "profitloss": 43518000,
        "netincomelossattributabletononcontrollinginterest": 12081000,
        "netincomeloss": 31437000,
        "earningspersharebasic": 0.97,
        "earningspersharediluted": 0.97
    },
    {
        "date": "2010-06-29",
        "symbol": "WSO",
        "period": "Q2",
        "revenues": 864805000,
        "costofgoodsandservicessold": 663736000,
        "grossprofit": 201069000,
        "sellinggeneralandadministrativeexpense": 130150000,
        "operatingincomeloss": 70919000,
        "interestexpensenet": 894000,
        "incomelossfromcontinuingoperationsbeforeincometaxesminorityinterestandincomelossfromequitymethodinvestments": 70025000,
        "incometaxexpensebenefit": 21818000,
        "profitloss": 48207000,
        "netincomelossattributabletononcontrollinginterest": 13162000,
        "netincomeloss": 35045000,
        "earningspersharebasic": 1.08,
        "earningspersharediluted": 1.08
    }
]