[
    {
        "date": "2024-11-01",
        "symbol": "TJX",
        "period": "Q3",
        "revenuefromcontractwithcustomerincludingassessedtax": 14063000000,
        "costofgoodsandservicessold": 9622000000,
        "sellinggeneralandadministrativeexpense": 150000000,
        "interestrevenueexpensenet": 43000000,
        "incomelossfromcontinuingoperationsbeforeincometaxesextraordinaryitemsnoncontrollinginterest": 1736000000,
        "incometaxexpensebenefit": 439000000,
        "netincomeloss": 1297000000,
        "earningspersharebasic": 1.15,
        "weightedaveragenumberofsharesoutstandingbasic": 1127000000,
        "earningspersharediluted": 1.14,
        "weightedaveragenumberofdilutedsharesoutstanding": 1141000000,
        "othercomprehensiveincomelossforeigncurrencytransactionandtranslationadjustmentnetoftax": -15000000,
        "othercomprehensiveincomelossnetoftax": -15000000,
        "comprehensiveincomenetoftax": 1282000000,
        "othercomprehensiveincomelossforeigncurrencytranslationadjustmenttax": -1000000,
        "othercomprehensiveincomelossreclassificationadjustmentfromaocipensionandotherpostretirementbenefitplanstax": -100000
    },
    {
        "date": "2024-08-02",
        "symbol": "TJX",
        "period": "Q2",
        "revenuefromcontractwithcustomerincludingassessedtax": 13468000000,
        "costofgoodsandservicessold": 9380000000,
        "sellinggeneralandadministrativeexpense": 220000000,
        "interestrevenueexpensenet": 46000000,
        "incomelossfromcontinuingoperationsbeforeincometaxesextraordinaryitemsnoncontrollinginterest": 1468000000,
        "incometaxexpensebenefit": 369000000,
        "netincomeloss": 1099000000,
        "earningspersharebasic": 0.97,
        "weightedaveragenumberofsharesoutstandingbasic": 1130000000,
        "earningspersharediluted": 0.96,
        "weightedaveragenumberofdilutedsharesoutstanding": 1144000000,
        "othercomprehensiveincomelossforeigncurrencytransactionandtranslationadjustmentnetoftax": 18000000,
        "othercomprehensiveincomelossnetoftax": 18000000,
        "comprehensiveincomenetoftax": 1117000000,
        "othercomprehensiveincomelossforeigncurrencytranslationadjustmenttax": -2000000
    },
    {
        "date": "2024-05-03",
        "symbol": "TJX",
        "period": "Q1",
        "revenuefromcontractwithcustomerincludingassessedtax": 12479000000,
        "costofgoodsandservicessold": 8739000000,
        "sellinggeneralandadministrativeexpense": 2400000000,
        "interestrevenueexpensenet": 50000000,
        "incomelossfromcontinuingoperationsbeforeincometaxesextraordinaryitemsnoncontrollinginterest": 1390000000,
        "incometaxexpensebenefit": 320000000,
        "netincomeloss": 1070000000,
        "earningspersharebasic": 0.95,
        "weightedaveragenumberofsharesoutstandingbasic": 1132000000,
        "earningspersharediluted": 0.93,
        "weightedaveragenumberofdilutedsharesoutstanding": 1146000000,
        "othercomprehensiveincomelossforeigncurrencytransactionandtranslationadjustmentnetoftax": -18000000,
        "othercomprehensiveincomelossnetoftax": -18000000,
        "comprehensiveincomenetoftax": 1052000000,
        "othercomprehensiveincomelossforeigncurrencytranslationadjustmenttax": 1000000
    },
    {
        "date": "2024-02-02",
        "symbol": "TJX",
        "period": "Q4",
        "revenuefromcontractwithcustomerincludingassessedtax": 16411000000,
        "costofgoodsandservicessold": 11528000000,
        "sellinggeneralandadministrativeexpense": 3094000000,
        "interestrevenueexpensenet": 54000000,
        "incomelossfromcontinuingoperationsbeforeincometaxesextraordinaryitemsnoncontrollinginterest": 1843000000,
        "incometaxexpensebenefit": 440000000,
        "netincomeloss": 1403000000,
        "earningspersharebasic": 1.2199999999999998,
        "weightedaveragenumberofsharesoutstandingbasic": 1146000000,
        "earningspersharediluted": 1.2100000000000002,
        "weightedaveragenumberofdilutedsharesoutstanding": 1159000000,
        "othercomprehensiveincomelossforeigncurrencytransactionandtranslationadjustmentnetoftax": 78000000,
        "othercomprehensiveincomelossnetoftax": 121000000,
        "comprehensiveincomenetoftax": 1524000000,
        "othercomprehensiveincomelossforeigncurrencytranslationadjustmenttax": -4000000
    },
    {
        "date": "2023-10-27",
        "symbol": "TJX",
        "period": "Q3",
        "revenuefromcontractwithcustomerincludingassessedtax": 34772000000,
        "costofgoodsandservicessold": 9139000000,
        "sellinggeneralandadministrativeexpense": 7025000000,
        "interestrevenueexpensenet": 41000000,
        "incomelossfromcontinuingoperationsbeforeincometaxesextraordinaryitemsnoncontrollinginterest": 1589000000,
        "incometaxexpensebenefit": 398000000,
        "netincomeloss": 1191000000,
        "earningspersharebasic": 1.0500000000000003,
        "weightedaveragenumberofsharesoutstandingbasic": 1148000000,
        "earningspersharediluted": 1.0399999999999998,
        "weightedaveragenumberofdilutedsharesoutstanding": 1161000000,
        "othercomprehensiveincomelossforeigncurrencytransactionandtranslationadjustmentnetoftax": -102000000,
        "othercomprehensiveincomelossnetoftax": -102000000,
        "comprehensiveincomenetoftax": 1089000000,
        "othercomprehensiveincomelossforeigncurrencytranslationadjustmenttax": 1000000
    },
    {
        "date": "2023-07-28",
        "symbol": "TJX",
        "period": "Q2",
        "revenuefromcontractwithcustomerincludingassessedtax": 1621000000,
        "costofgoodsandservicessold": 8910000000,
        "sellinggeneralandadministrativeexpense": 194000000,
        "interestrevenueexpensenet": 38000000,
        "incomelossfromcontinuingoperationsbeforeincometaxesextraordinaryitemsnoncontrollinginterest": 1327000000,
        "incometaxexpensebenefit": 338000000,
        "netincomeloss": 989000000,
        "earningspersharebasic": 0.86,
        "weightedaveragenumberofsharesoutstandingbasic": 1148000000,
        "earningspersharediluted": 0.85,
        "weightedaveragenumberofdilutedsharesoutstanding": 1161000000,
        "othercomprehensiveincomelossforeigncurrencytransactionandtranslationadjustmentnetoftax": 40000000,
        "othercomprehensiveincomelossreclassificationadjustmentfromaocipensionandotherpostretirementbenefitplansnetoftax": 1000000,
        "othercomprehensiveincomelossnetoftax": 41000000,
        "comprehensiveincomenetoftax": 1030000000,
        "othercomprehensiveincomelossforeigncurrencytranslationadjustmenttax": 1000000,
        "othercomprehensiveincomelossreclassificationadjustmentfromaocipensionandotherpostretirementbenefitplanstax": 100000
    },
    {
        "date": "2023-04-28",
        "symbol": "TJX",
        "period": "Q1",
        "revenuefromcontractwithcustomerincludingassessedtax": 1413000000,
        "costofgoodsandservicessold": 8374000000,
        "sellinggeneralandadministrativeexpense": 156000000,
        "interestrevenueexpensenet": 37000000,
        "incomelossfromcontinuingoperationsbeforeincometaxesextraordinaryitemsnoncontrollinginterest": 1208000000,
        "incometaxexpensebenefit": 317000000,
        "netincomeloss": 891000000,
        "earningspersharebasic": 0.77,
        "weightedaveragenumberofsharesoutstandingbasic": 1153000000,
        "earningspersharediluted": 0.76,
        "weightedaveragenumberofdilutedsharesoutstanding": 1165000000,
        "othercomprehensiveincomelossforeigncurrencytransactionandtranslationadjustmentnetoftax": 14000000,
        "othercomprehensiveincomelossnetoftax": 14000000,
        "comprehensiveincomenetoftax": 905000000,
        "othercomprehensiveincomelossforeigncurrencytranslationadjustmenttax": 1000000
    },
    {
        "date": "2023-01-27",
        "symbol": "TJX",
        "period": "Q4",
        "revenuefromcontractwithcustomerincludingassessedtax": 1816499000,
        "costofgoodsandservicessold": 10731681000,
        "sellinggeneralandadministrativeexpense": 197724000,
        "interestrevenueexpensenet": 23365000,
        "incomelossfromcontinuingoperationsbeforeincometaxesextraordinaryitemsnoncontrollinginterest": 1338924000,
        "incometaxexpensebenefit": 300543000,
        "netincomeloss": 1038381000,
        "earningspersharebasic": 0.8999999999999999,
        "weightedaveragenumberofsharesoutstandingbasic": -2608000,
        "earningspersharediluted": 0.8900000000000003,
        "weightedaveragenumberofdilutedsharesoutstanding": -1892000,
        "othercomprehensiveincomelossforeigncurrencytransactionandtranslationadjustmentnetoftax": 98405000,
        "othercomprehensiveincomelossreclassificationadjustmentfromaocipensionandotherpostretirementbenefitplansnetoftax": 4044000,
        "othercomprehensiveincomelossnetoftax": 223449000,
        "comprehensiveincomenetoftax": 1261830000,
        "othercomprehensiveincomelossforeigncurrencytranslationadjustmenttax": 1803000,
        "othercomprehensiveincomelossreclassificationadjustmentfromaocipensionandotherpostretirementbenefitplanstax": 10353000
    },
    {
        "date": "2022-10-28",
        "symbol": "TJX",
        "period": "Q3",
        "revenuefromcontractwithcustomerincludingassessedtax": 1478840000,
        "costofgoodsandservicessold": 8622556000,
        "sellinggeneralandadministrativeexpense": 118315000,
        "interestrevenueexpensenet": 427000,
        "incomelossfromcontinuingoperationsbeforeincometaxesextraordinaryitemsnoncontrollinginterest": 1359211000,
        "incometaxexpensebenefit": 296405000,
        "netincomeloss": 1062806000,
        "earningspersharebasic": 0.9100000000000001,
        "weightedaveragenumberofsharesoutstandingbasic": -3923000,
        "earningspersharediluted": 0.9000000000000001,
        "weightedaveragenumberofdilutedsharesoutstanding": -3812000,
        "othercomprehensiveincomelossforeigncurrencytransactionandtranslationadjustmentnetoftax": -65858000,
        "othercomprehensiveincomelossreclassificationadjustmentfromaocipensionandotherpostretirementbenefitplansnetoftax": 4400000,
        "othercomprehensiveincomelossnetoftax": -61458000,
        "comprehensiveincomenetoftax": 1001348000,
        "othercomprehensiveincomelossforeigncurrencytranslationadjustmenttax": -8638000,
        "othercomprehensiveincomelossreclassificationadjustmentfromaocipensionandotherpostretirementbenefitplanstax": -1602000
    },
    {
        "date": "2022-07-29",
        "symbol": "TJX",
        "period": "Q2",
        "revenuefromcontractwithcustomerincludingassessedtax": 1502770000,
        "costofgoodsandservicessold": 8571550000,
        "sellinggeneralandadministrativeexpense": 188583000,
        "equitymethodinvestmentotherthantemporaryimpairment": 0,
        "interestrevenueexpensenet": -11007000,
        "incomelossfromcontinuingoperationsbeforeincometaxesextraordinaryitemsnoncontrollinginterest": 1085590000,
        "incometaxexpensebenefit": 276250000,
        "netincomeloss": 809340000,
        "earningspersharebasic": 0.69,
        "weightedaveragenumberofsharesoutstandingbasic": -4610000,
        "earningspersharediluted": 0.69,
        "weightedaveragenumberofdilutedsharesoutstanding": -5559000,
        "othercomprehensiveincomelossforeigncurrencytransactionandtranslationadjustmentnetoftax": -30935000,
        "othercomprehensiveincomelossreclassificationadjustmentfromaocipensionandotherpostretirementbenefitplansnetoftax": 3778000,
        "othercomprehensiveincomelossnetoftax": -27157000,
        "comprehensiveincomenetoftax": 782183000,
        "othercomprehensiveincomelossforeigncurrencytranslationadjustmenttax": 409000,
        "othercomprehensiveincomelossreclassificationadjustmentfromaocipensionandotherpostretirementbenefitplanstax": -4126000
    },
    {
        "date": "2022-04-29",
        "symbol": "TJX",
        "period": "Q1",
        "revenuefromcontractwithcustomerincludingassessedtax": 1416891000,
        "costofgoodsandservicessold": 8223213000,
        "sellinggeneralandadministrativeexpense": 77378000,
        "equitymethodinvestmentotherthantemporaryimpairment": 218000000,
        "interestrevenueexpensenet": -18785000,
        "incomelossfromcontinuingoperationsbeforeincometaxesextraordinaryitemsnoncontrollinginterest": 852275000,
        "incometaxexpensebenefit": 264802000,
        "netincomeloss": 587473000,
        "earningspersharebasic": 0.5,
        "weightedaveragenumberofsharesoutstandingbasic": 1177141000,
        "earningspersharediluted": 0.49,
        "weightedaveragenumberofdilutedsharesoutstanding": 1189263000,
        "othercomprehensiveincomelossforeigncurrencytransactionandtranslationadjustmentnetoftax": -57612000,
        "othercomprehensiveincomelossreclassificationadjustmentfromaocipensionandotherpostretirementbenefitplansnetoftax": 3778000,
        "othercomprehensiveincomelossnetoftax": -53834000,
        "comprehensiveincomenetoftax": 533639000,
        "othercomprehensiveincomelossforeigncurrencytranslationadjustmenttax": -574000,
        "othercomprehensiveincomelossreclassificationadjustmentfromaocipensionandotherpostretirementbenefitplanstax": 1375000
    },
    {
        "date": "2022-01-28",
        "symbol": "TJX",
        "period": "Q4",
        "revenuefromcontractwithcustomerincludingassessedtax": 1803656000,
        "costofgoodsandservicessold": 10094515000,
        "sellinggeneralandadministrativeexpense": 138923000,
        "interestrevenueexpensenet": -21053000,
        "incomelossfromcontinuingoperationsbeforeincometaxesextraordinaryitemsnoncontrollinginterest": 1242895000,
        "incometaxexpensebenefit": 302691000,
        "netincomeloss": 940204000,
        "earningspersharebasic": 0.7900000000000003,
        "weightedaveragenumberofsharesoutstandingbasic": -3728000,
        "earningspersharediluted": 0.7800000000000002,
        "weightedaveragenumberofdilutedsharesoutstanding": -3647000,
        "othercomprehensiveincomelossforeigncurrencytransactionandtranslationadjustmentnetoftax": -61400000,
        "othercomprehensiveincomelossreclassificationadjustmentfromaocipensionandotherpostretirementbenefitplansnetoftax": 3961000,
        "othercomprehensiveincomelossnetoftax": -105943000,
        "comprehensiveincomenetoftax": 834261000,
        "othercomprehensiveincomelossforeigncurrencytranslationadjustmenttax": -2527000,
        "othercomprehensiveincomelossreclassificationadjustmentfromaocipensionandotherpostretirementbenefitplanstax": -786000
    },
    {
        "date": "2021-10-29",
        "symbol": "TJX",
        "period": "Q3",
        "revenuefromcontractwithcustomerincludingassessedtax": 1763370000,
        "costofgoodsandservicessold": 8835532000,
        "sellinggeneralandadministrativeexpense": 148123000,
        "interestrevenueexpensenet": -20674000,
        "incomelossfromcontinuingoperationsbeforeincometaxesextraordinaryitemsnoncontrollinginterest": 1379035000,
        "incometaxexpensebenefit": 356035000,
        "netincomeloss": 1023000000,
        "earningspersharebasic": 0.8599999999999999,
        "weightedaveragenumberofsharesoutstandingbasic": -1529000,
        "earningspersharediluted": 0.8399999999999999,
        "weightedaveragenumberofdilutedsharesoutstanding": -1774000,
        "othercomprehensiveincomelossforeigncurrencytransactionandtranslationadjustmentnetoftax": -6688000,
        "othercomprehensiveincomelossreclassificationadjustmentfromaocipensionandotherpostretirementbenefitplansnetoftax": 3173000,
        "othercomprehensiveincomelossnetoftax": -3515000,
        "comprehensiveincomenetoftax": 1019485000,
        "othercomprehensiveincomelossforeigncurrencytranslationadjustmenttax": 976000,
        "othercomprehensiveincomelossreclassificationadjustmentfromaocipensionandotherpostretirementbenefitplanstax": -1156000
    },
    {
        "date": "2021-07-30",
        "symbol": "TJX",
        "period": "Q2",
        "revenuefromcontractwithcustomerincludingassessedtax": 1623322000,
        "costofgoodsandservicessold": 15783765000,
        "sellinggeneralandadministrativeexpense": 163602000,
        "interestrevenueexpensenet": -28661000,
        "incomelossfromcontinuingoperationsbeforeincometaxesextraordinaryitemsnoncontrollinginterest": 1054332000,
        "incometaxexpensebenefit": 268651000,
        "netincomeloss": 785681000,
        "earningspersharebasic": 0.6500000000000001,
        "weightedaveragenumberofsharesoutstandingbasic": 1205247000,
        "earningspersharediluted": 0.6400000000000001,
        "weightedaveragenumberofdilutedsharesoutstanding": 1221012000,
        "othercomprehensiveincomelossforeigncurrencytransactionandtranslationadjustmentnetoftax": -876000,
        "othercomprehensiveincomelossreclassificationadjustmentfromaocipensionandotherpostretirementbenefitplansnetoftax": 4368000,
        "othercomprehensiveincomelosscashflowhedgegainlossreclassificationaftertax": 0,
        "othercomprehensiveincomelossnetoftax": 3492000,
        "comprehensiveincomenetoftax": 789173000,
        "othercomprehensiveincomelossforeigncurrencytranslationadjustmenttax": -1140000,
        "othercomprehensiveincomelossreclassificationadjustmentfromaocipensionandotherpostretirementbenefitplanstax": -1590000,
        "othercomprehensiveincomelosscashflowhedgegainlossreclassificationtax": 0
    },
    {
        "date": "2021-04-30",
        "symbol": "TJX",
        "period": "Q1",
        "revenuefromcontractwithcustomerincludingassessedtax": 10086661000,
        "costofgoodsandservicessold": 7255635000,
        "sellinggeneralandadministrativeexpense": 2064992000,
        "interestrevenueexpensenet": -44688000,
        "incomelossfromcontinuingoperationsbeforeincometaxesextraordinaryitemsnoncontrollinginterest": 721346000,
        "incometaxexpensebenefit": 187416000,
        "netincomeloss": 533930000,
        "earningspersharebasic": 0.44,
        "weightedaveragenumberofsharesoutstandingbasic": 1205439000,
        "earningspersharediluted": 0.44,
        "weightedaveragenumberofdilutedsharesoutstanding": 1221517000,
        "othercomprehensiveincomelossforeigncurrencytransactionandtranslationadjustmentnetoftax": 22249000,
        "othercomprehensiveincomelossreclassificationadjustmentfromaocipensionandotherpostretirementbenefitplansnetoftax": 2901000,
        "othercomprehensiveincomelosscashflowhedgegainlossreclassificationaftertax": 263000,
        "othercomprehensiveincomelossnetoftax": 24887000,
        "comprehensiveincomenetoftax": 558817000,
        "othercomprehensiveincomelossforeigncurrencytranslationadjustmenttax": 2898000,
        "othercomprehensiveincomelossreclassificationadjustmentfromaocipensionandotherpostretirementbenefitplanstax": -1056000,
        "othercomprehensiveincomelosscashflowhedgegainlossreclassificationtax": 603000
    },
    {
        "date": "2021-01-29",
        "symbol": "TJX",
        "period": "Q4",
        "revenuefromcontractwithcustomerincludingassessedtax": 10943210000,
        "costofgoodsandservicessold": 7882575000,
        "sellinggeneralandadministrativeexpense": 2193101000,
        "interestrevenueexpensenet": -47163000,
        "incomelossfromcontinuingoperationsbeforeincometaxesextraordinaryitemsnoncontrollinginterest": 508138000,
        "incometaxexpensebenefit": 182615000,
        "netincomeloss": 325523000,
        "earningspersharebasic": 0.27999999999999997,
        "weightedaveragenumberofsharesoutstandingbasic": -2396467000,
        "earningspersharediluted": 0.2800000000000001,
        "weightedaveragenumberofdilutedsharesoutstanding": -2395935000,
        "othercomprehensiveincomelossforeigncurrencytransactionandtranslationadjustmentnetoftax": 100936000,
        "othercomprehensiveincomelosscashflowhedgegainlossreclassificationaftertax": -207000,
        "othercomprehensiveincomelossreclassificationadjustmentfromaocipensionandotherpostretirementbenefitplansnetoftax": 5012000,
        "othercomprehensiveincomelossnetoftax": 136790000,
        "comprehensiveincomenetoftax": 462313000,
        "othercomprehensiveincomelossforeigncurrencytranslationadjustmenttax": 2935000,
        "othercomprehensiveincomelosscashflowhedgegainlossreclassificationtax": 76000,
        "othercomprehensiveincomelossreclassificationadjustmentfromaocipensionandotherpostretirementbenefitplanstax": -1825000
    },
    {
        "date": "2020-10-30",
        "symbol": "TJX",
        "period": "Q3",
        "revenuefromcontractwithcustomerincludingassessedtax": 10117289000,
        "costofgoodsandservicessold": 7062285000,
        "sellinggeneralandadministrativeexpense": 1986128000,
        "interestrevenueexpensenet": -52884000,
        "incomelossfromcontinuingoperationsbeforeincometaxesextraordinaryitemsnoncontrollinginterest": 1015992000,
        "incometaxexpensebenefit": 149336000,
        "netincomeloss": 866656000,
        "earningspersharebasic": 0.72,
        "weightedaveragenumberofsharesoutstandingbasic": 1199951000,
        "earningspersharediluted": 0.71,
        "weightedaveragenumberofdilutedsharesoutstanding": 1214195000,
        "othercomprehensiveincomelossforeigncurrencytransactionandtranslationadjustmentnetoftax": -25568000,
        "othercomprehensiveincomelossreclassificationadjustmentfromaocipensionandotherpostretirementbenefitplansnetoftax": 5440000,
        "othercomprehensiveincomelosscashflowhedgegainlossreclassificationaftertax": -208000,
        "othercomprehensiveincomelossnetoftax": -19920000,
        "comprehensiveincomenetoftax": 846736000,
        "othercomprehensiveincomelossforeigncurrencytranslationadjustmenttax": 993000,
        "othercomprehensiveincomelossreclassificationadjustmentfromaocipensionandotherpostretirementbenefitplanstax": -1981000,
        "othercomprehensiveincomelosscashflowhedgegainlossreclassificationtax": 75000
    },
    {
        "date": "2020-07-31",
        "symbol": "TJX",
        "period": "Q2",
        "revenuefromcontractwithcustomerincludingassessedtax": 6667575000,
        "costofgoodsandservicessold": 5174490000,
        "sellinggeneralandadministrativeexpense": 1527768000,
        "interestrevenueexpensenet": -57336000,
        "incomelossfromcontinuingoperationsbeforeincometaxesextraordinaryitemsnoncontrollinginterest": -92019000,
        "incometaxexpensebenefit": 122201000,
        "netincomeloss": -214220000,
        "earningspersharebasic": -0.18,
        "weightedaveragenumberofsharesoutstandingbasic": 1198634000,
        "earningspersharediluted": -0.18,
        "weightedaveragenumberofdilutedsharesoutstanding": 1198634000,
        "othercomprehensiveincomelossforeigncurrencytransactionandtranslationadjustmentnetoftax": 69378000,
        "othercomprehensiveincomelossreclassificationadjustmentfromaocipensionandotherpostretirementbenefitplansnetoftax": 4797000,
        "othercomprehensiveincomelosscashflowhedgegainlossreclassificationaftertax": -208000,
        "othercomprehensiveincomelossnetoftax": 74383000,
        "comprehensiveincomenetoftax": -139837000,
        "othercomprehensiveincomelossforeigncurrencytranslationadjustmenttax": 5462000,
        "othercomprehensiveincomelossreclassificationadjustmentfromaocipensionandotherpostretirementbenefitplanstax": -1746000,
        "othercomprehensiveincomelosscashflowhedgegainlossreclassificationtax": 76000
    },
    {
        "date": "2020-05-01",
        "symbol": "TJX",
        "period": "Q1",
        "revenuefromcontractwithcustomerincludingassessedtax": 4408888000,
        "costofgoodsandservicessold": 4414465000,
        "sellinggeneralandadministrativeexpense": 1313920000,
        "interestrevenueexpensenet": -23351000,
        "incomelossfromcontinuingoperationsbeforeincometaxesextraordinaryitemsnoncontrollinginterest": -1342848000,
        "incometaxexpensebenefit": -455359000,
        "netincomeloss": -887489000,
        "earningspersharebasic": -0.74,
        "weightedaveragenumberofsharesoutstandingbasic": 1197809000,
        "earningspersharediluted": -0.74,
        "weightedaveragenumberofdilutedsharesoutstanding": 1197809000,
        "othercomprehensiveincomelossforeigncurrencytransactionandtranslationadjustmentnetoftax": -129158000,
        "othercomprehensiveincomelossreclassificationadjustmentfromaocipensionandotherpostretirementbenefitplansnetoftax": 4797000,
        "othercomprehensiveincomelosscashflowhedgegainlossreclassificationaftertax": -208000,
        "othercomprehensiveincomelossnetoftax": -124153000,
        "comprehensiveincomenetoftax": -1011642000,
        "othercomprehensiveincomelossforeigncurrencytranslationadjustmenttax": -6948000,
        "othercomprehensiveincomelossreclassificationadjustmentfromaocipensionandotherpostretirementbenefitplanstax": -1746000,
        "othercomprehensiveincomelosscashflowhedgegainlossreclassificationtax": 76000
    },
    {
        "date": "2020-01-31",
        "symbol": "TJX",
        "period": "Q4",
        "revenuefromcontractwithcustomerincludingassessedtax": 12206462000,
        "costofgoodsandservicessold": 8741805000,
        "sellinggeneralandadministrativeexpense": 2135329000,
        "interestrevenueexpensenet": -3053000,
        "incomelossfromcontinuingoperationsbeforeincometaxesextraordinaryitemsnoncontrollinginterest": 1326275000,
        "incometaxexpensebenefit": 341485000,
        "netincomeloss": 984790000,
        "earningspersharebasic": 0.8100000000000002,
        "weightedaveragenumberofsharesoutstandingbasic": -2423262000,
        "earningspersharediluted": 0.7999999999999997,
        "weightedaveragenumberofdilutedsharesoutstanding": -2460162000,
        "othercomprehensiveincomelossforeigncurrencytransactionandtranslationadjustmentnetoftax": 16176000,
        "othercomprehensiveincomelosscashflowhedgegainlossreclassificationaftertax": -207000,
        "othercomprehensiveincomelossreclassificationadjustmentfromaocipensionandotherpostretirementbenefitplansnetoftax": 4135000,
        "othercomprehensiveincomelossnetoftax": -35757000,
        "comprehensiveincomenetoftax": 949033000,
        "othercomprehensiveincomelossforeigncurrencytranslationadjustmenttax": -478000,
        "othercomprehensiveincomelosscashflowhedgegainlossreclassificationtax": 76000,
        "othercomprehensiveincomelossreclassificationadjustmentfromaocipensionandotherpostretirementbenefitplanstax": 4722000
    },
    {
        "date": "2019-11-01",
        "symbol": "TJX",
        "period": "Q3",
        "revenuefromcontractwithcustomerincludingassessedtax": 10451334000,
        "costofgoodsandservicessold": 7440033000,
        "sellinggeneralandadministrativeexpense": 1885923000,
        "interestrevenueexpensenet": -3259000,
        "incomelossfromcontinuingoperationsbeforeincometaxesextraordinaryitemsnoncontrollinginterest": 1122119000,
        "incometaxexpensebenefit": 293856000,
        "netincomeloss": 828263000,
        "earningspersharebasic": 0.69,
        "weightedaveragenumberofsharesoutstandingbasic": 1206369000,
        "earningspersharediluted": 0.68,
        "weightedaveragenumberofdilutedsharesoutstanding": 1224288000,
        "othercomprehensiveincomelossforeigncurrencytransactionandtranslationadjustmentnetoftax": 70785000,
        "othercomprehensiveincomelossreclassificationadjustmentfromaocipensionandotherpostretirementbenefitplansnetoftax": 4418000,
        "othercomprehensiveincomelosscashflowhedgegainlossreclassificationaftertax": -208000,
        "othercomprehensiveincomelossnetoftax": 75411000,
        "comprehensiveincomenetoftax": 903674000,
        "othercomprehensiveincomelossforeigncurrencytranslationadjustmenttax": 241000,
        "othercomprehensiveincomelossreclassificationadjustmentfromaocipensionandotherpostretirementbenefitplanstax": -1609000,
        "othercomprehensiveincomelosscashflowhedgegainlossreclassificationtax": 75000
    },
    {
        "date": "2019-08-02",
        "symbol": "TJX",
        "period": "Q2",
        "netincomeloss": 758962000,
        "othercomprehensiveincomelossforeigncurrencytransactionandtranslationadjustmentnetoftax": -83743000,
        "othercomprehensiveincomelossreclassificationadjustmentfromaocipensionandotherpostretirementbenefitplansnetoftax": 3992000,
        "othercomprehensiveincomelosscashflowhedgegainlossreclassificationaftertax": -208000,
        "othercomprehensiveincomelossnetoftax": -79543000,
        "comprehensiveincomenetoftax": 679419000,
        "othercomprehensiveincomelossforeigncurrencytranslationadjustmenttax": 1681000,
        "othercomprehensiveincomelossreclassificationadjustmentfromaocipensionandotherpostretirementbenefitplanstax": 1453000,
        "othercomprehensiveincomelosscashflowhedgegainlossreclassificationtax": 76000,
        "revenuefromcontractwithcustomerincludingassessedtax": 9781596000,
        "costofgoodsandservicessold": 7026057000,
        "sellinggeneralandadministrativeexpense": 1731335000,
        "interestrevenueexpensenet": -2897000,
        "incomelossfromcontinuingoperationsbeforeincometaxesextraordinaryitemsnoncontrollinginterest": 1021307000,
        "incometaxexpensebenefit": 262345000,
        "earningspersharebasic": 0.63,
        "weightedaveragenumberofsharesoutstandingbasic": 1210525000,
        "earningspersharediluted": 0.62,
        "weightedaveragenumberofdilutedsharesoutstanding": 1228986000
    },
    {
        "date": "2019-05-03",
        "symbol": "TJX",
        "period": "Q1",
        "netincomeloss": 700178000,
        "othercomprehensiveincomelossforeigncurrencytransactionandtranslationadjustmentnetoftax": -7161000,
        "othercomprehensiveincomelosscashflowhedgegainlossreclassificationaftertax": -208000,
        "othercomprehensiveincomelossreclassificationadjustmentfromaocipensionandotherpostretirementbenefitplansnetoftax": 3992000,
        "othercomprehensiveincomelossnetoftax": -2961000,
        "comprehensiveincomenetoftax": 697217000,
        "othercomprehensiveincomelossforeigncurrencytranslationadjustmenttax": -2633000,
        "othercomprehensiveincomelossreclassificationadjustmentfromaocipensionandotherpostretirementbenefitplanstax": 1453000,
        "othercomprehensiveincomelosscashflowhedgegainlossreclassificationtax": 76000,
        "revenuefromcontractwithcustomerincludingassessedtax": 9277585000,
        "costofgoodsandservicessold": 6637885000,
        "sellinggeneralandadministrativeexpense": 1702401000,
        "interestrevenueexpensenet": -817000,
        "incomelossfromcontinuingoperationsbeforeincometaxesextraordinaryitemsnoncontrollinginterest": 936482000,
        "incometaxexpensebenefit": 236304000,
        "earningspersharebasic": 0.58,
        "weightedaveragenumberofsharesoutstandingbasic": 1214531000,
        "earningspersharediluted": 0.57,
        "weightedaveragenumberofdilutedsharesoutstanding": 1233407000
    },
    {
        "date": "2018-11-02",
        "symbol": "TJX",
        "period": "Q3",
        "netincomeloss": 762253000,
        "othercomprehensiveincomelossforeigncurrencytransactionandtranslationadjustmentnetoftax": -18057000,
        "othercomprehensiveincomelossderivativesqualifyingashedgesnetoftax": 0,
        "othercomprehensiveincomelossreclassificationadjustmentfromaocipensionandotherpostretirementbenefitplansnetoftax": 4327000,
        "othercomprehensiveincomelossreclassificationadjustmentfromaocionderivativesnetoftax": -206000,
        "othercomprehensiveincomelossnetoftax": 6549000,
        "comprehensiveincomenetoftax": 768802000,
        "othercomprehensiveincomelossforeigncurrencytranslationadjustmenttax": 2269000,
        "othercomprehensiveincomelossderivativesqualifyingashedgestax": 0,
        "othercomprehensiveincomelossreclassificationadjustmentfromaocipensionandotherpostretirementbenefitplanstax": 1109000,
        "othercomprehensiveincomelossreclassificationadjustmentfromaocionderivativestax": 75000,
        "sellinggeneralandadministrativeexpense": 1756448000,
        "interestrevenueexpensenet": -3188000,
        "incomelossfromcontinuingoperationsbeforeincometaxesextraordinaryitemsnoncontrollinginterest": 1046518000,
        "incometaxexpensebenefit": 284265000,
        "earningspersharebasic": -0.5499999999999998,
        "weightedaveragenumberofsharesoutstandingbasic": -4399000,
        "earningspersharediluted": -0.5499999999999998,
        "weightedaveragenumberofdilutedsharesoutstanding": -3296000
    },
    {
        "date": "2018-08-03",
        "symbol": "TJX",
        "period": "Q2",
        "netincomeloss": 739626000,
        "othercomprehensiveincomelossforeigncurrencytransactionandtranslationadjustmentnetoftax": -59733000,
        "othercomprehensiveincomelossderivativesqualifyingashedgesnetoftax": 13495000,
        "othercomprehensiveincomelossreclassificationadjustmentfromaocipensionandotherpostretirementbenefitplansnetoftax": 3162000,
        "othercomprehensiveincomelossreclassificationadjustmentfromaocionderivativesnetoftax": -210000,
        "othercomprehensiveincomelossnetoftax": -42866000,
        "comprehensiveincomenetoftax": 696760000,
        "othercomprehensiveincomelossforeigncurrencytranslationadjustmenttax": 12519000,
        "othercomprehensiveincomelossderivativesqualifyingashedgestax": 4912000,
        "othercomprehensiveincomelossreclassificationadjustmentfromaocipensionandotherpostretirementbenefitplanstax": 773000,
        "othercomprehensiveincomelossreclassificationadjustmentfromaocionderivativestax": 76000,
        "revenuefromcontractwithcustomerincludingassessedtax": 937736000,
        "costofgoodsandservicessold": 6635815000,
        "sellinggeneralandadministrativeexpense": 1699714000,
        "interestrevenueexpensenet": -3029000,
        "incomelossfromcontinuingoperationsbeforeincometaxesextraordinaryitemsnoncontrollinginterest": 992557000,
        "incometaxexpensebenefit": 252931000,
        "earningspersharebasic": 1.19,
        "weightedaveragenumberofsharesoutstandingbasic": 623426000,
        "earningspersharediluted": 1.17,
        "weightedaveragenumberofdilutedsharesoutstanding": 632960000,
        "commonstockdividendspersharedeclared": 0.39
    },
    {
        "date": "2018-05-04",
        "symbol": "TJX",
        "period": "Q1",
        "salesrevenuenet": 853836000,
        "costofsalesincludingbuyingandoccupancycosts": 6178239000,
        "sellinggeneralandadministrativeexpense": 1550775000,
        "interestrevenueexpensenet": -4148000,
        "incomelossfromcontinuingoperationsbeforeincometaxesextraordinaryitemsnoncontrollinginterest": 955558000,
        "incometaxexpensebenefit": 239177000,
        "netincomeloss": 716381000,
        "earningspersharebasic": 1.14,
        "weightedaveragenumberofsharesoutstandingbasic": 626612000,
        "earningspersharediluted": 1.13,
        "weightedaveragenumberofdilutedsharesoutstanding": 634436000,
        "commonstockdividendspersharedeclared": 0.39,
        "othercomprehensiveincomelossforeigncurrencytransactionandtranslationadjustmentnetoftax": -122529000,
        "othercomprehensiveincomelossderivativesqualifyingashedgesnetoftax": 6044000,
        "othercomprehensiveincomelossreclassificationadjustmentfromaocipensionandotherpostretirementbenefitplansnetoftax": 1328000,
        "othercomprehensiveincomelossreclassificationadjustmentfromaocionderivativesnetoftax": -206000,
        "othercomprehensiveincomelossnetoftax": -113671000,
        "comprehensiveincomenetoftax": 602710000,
        "othercomprehensiveincomelossforeigncurrencytranslationadjustmenttax": -1206000,
        "othercomprehensiveincomelossderivativesqualifyingashedgestax": 2201000,
        "othercomprehensiveincomelossreclassificationadjustmentfromaocipensionandotherpostretirementbenefitplanstax": 1328000,
        "othercomprehensiveincomelossreclassificationadjustmentfromaocionderivativestax": 77000
    },
    {
        "date": "2017-10-27",
        "symbol": "TJX",
        "period": "Q3",
        "salesrevenuenet": 983236000,
        "costofsalesincludingbuyingandoccupancycosts": 6150020000,
        "sellinggeneralandadministrativeexpense": 1584219000,
        "interestrevenueexpensenet": -7981000,
        "incomelossfromcontinuingoperationsbeforeincometaxesextraordinaryitemsnoncontrollinginterest": 1020000000,
        "incometaxexpensebenefit": -12600000,
        "netincomeloss": 641436000,
        "earningspersharebasic": 1.01,
        "weightedaveragenumberofsharesoutstandingbasic": 634022000,
        "earningspersharediluted": 1,
        "weightedaveragenumberofdilutedsharesoutstanding": 642881000,
        "commonstockdividendspersharedeclared": 0.3125,
        "othercomprehensiveincomelossforeigncurrencytransactionandtranslationadjustmentnetoftax": -46029000,
        "othercomprehensiveincomelossreclassificationadjustmentfromaocipensionandotherpostretirementbenefitplansnetoftax": 3669000,
        "othercomprehensiveincomelossreclassificationadjustmentfromaocionderivativesnetoftax": -171000,
        "othercomprehensiveincomelossnetoftax": -42189000,
        "comprehensiveincomenetoftax": 599247000,
        "othercomprehensiveincomelossforeigncurrencytranslationadjustmenttax": -18110000,
        "othercomprehensiveincomelossreclassificationadjustmentfromaocipensionandotherpostretirementbenefitplanstax": 2414000,
        "othercomprehensiveincomelossreclassificationadjustmentfromaocionderivativestax": 112000
    },
    {
        "date": "2017-07-28",
        "symbol": "TJX",
        "period": "Q2",
        "salesrevenuenet": 832026000,
        "costofsalesincludingbuyingandoccupancycosts": 5972675000,
        "sellinggeneralandadministrativeexpense": 1483648000,
        "interestrevenueexpensenet": -9677000,
        "incomelossfromcontinuingoperationsbeforeincometaxesextraordinaryitemsnoncontrollinginterest": 891700000,
        "incometaxexpensebenefit": -3300000,
        "netincomeloss": 552957000,
        "earningspersharebasic": 0.87,
        "weightedaveragenumberofsharesoutstandingbasic": 639127000,
        "earningspersharediluted": 0.85,
        "weightedaveragenumberofdilutedsharesoutstanding": 648317000,
        "commonstockdividendspersharedeclared": 0.3125,
        "othercomprehensiveincomelossforeigncurrencytransactionandtranslationadjustmentnetoftax": 130667000,
        "othercomprehensiveincomelossreclassificationadjustmentfromaocipensionandotherpostretirementbenefitplansnetoftax": 3866000,
        "othercomprehensiveincomelossreclassificationadjustmentfromaocionderivativesnetoftax": -171000,
        "othercomprehensiveincomelossnetoftax": 134704000,
        "comprehensiveincomenetoftax": 687661000,
        "othercomprehensiveincomelossforeigncurrencytranslationadjustmenttax": 54866000,
        "othercomprehensiveincomelossreclassificationadjustmentfromaocipensionandotherpostretirementbenefitplanstax": 2543000,
        "othercomprehensiveincomelossreclassificationadjustmentfromaocionderivativestax": 113000
    },
    {
        "date": "2017-04-28",
        "symbol": "TJX",
        "period": "Q1",
        "salesrevenuenet": 1121269000,
        "costofsalesincludingbuyingandoccupancycosts": 5530072000,
        "sellinggeneralandadministrativeexpense": 1411603000,
        "interestrevenueexpensenet": -9841000,
        "incomelossfromcontinuingoperationsbeforeincometaxesextraordinaryitemsnoncontrollinginterest": 832508000,
        "incometaxexpensebenefit": -24600000,
        "netincomeloss": 536279000,
        "earningspersharebasic": 0.83,
        "weightedaveragenumberofsharesoutstandingbasic": 644425000,
        "earningspersharediluted": 0.82,
        "weightedaveragenumberofdilutedsharesoutstanding": 654799000,
        "commonstockdividendspersharedeclared": 0.3125,
        "othercomprehensiveincomelossforeigncurrencytransactionandtranslationadjustmentnetoftax": -5247000,
        "othercomprehensiveincomelossreclassificationadjustmentfromaocipensionandotherpostretirementbenefitplansnetoftax": 3868000,
        "othercomprehensiveincomelossreclassificationadjustmentfromaocionderivativesnetoftax": -171000,
        "othercomprehensiveincomelossnetoftax": -1208000,
        "comprehensiveincomenetoftax": 535071000,
        "othercomprehensiveincomelossforeigncurrencytranslationadjustmenttax": -20543000,
        "othercomprehensiveincomelossreclassificationadjustmentfromaocipensionandotherpostretirementbenefitplanstax": 2543000,
        "othercomprehensiveincomelossreclassificationadjustmentfromaocionderivativestax": 112000
    },
    {
        "date": "2016-10-28",
        "symbol": "TJX",
        "period": "Q3",
        "salesrevenuenet": 1078373000,
        "costofsalesincludingbuyingandoccupancycosts": 5843873000,
        "sellinggeneralandadministrativeexpense": 1462574000,
        "gainslossesonextinguishmentofdebt": -51773000,
        "definedbenefitplanrecognizednetgainlossduetosettlements1": -31173000,
        "interestrevenueexpensenet": -12462000,
        "incomelossfromcontinuingoperationsbeforeincometaxesextraordinaryitemsnoncontrollinginterest": 889833000,
        "incometaxexpensebenefit": 340047000,
        "netincomeloss": 549786000,
        "earningspersharebasic": 0.84,
        "weightedaveragenumberofsharesoutstandingbasic": 653559000,
        "earningspersharediluted": 0.83,
        "weightedaveragenumberofdilutedsharesoutstanding": 661721000,
        "commonstockdividendspersharedeclared": 0.26,
        "othercomprehensiveincomelossforeigncurrencytransactionandtranslationadjustmentnetoftax": -94590000,
        "othercomprehensiveincomelossfinalizationofpensionandnonpensionpostretirementplanvaluationnetoftax": -71525000,
        "othercomprehensiveincomelossreclassificationadjustmentfromaocipensionandotherpostretirementbenefitplansforsettlementchargenetoftax": -18804000,
        "othercomprehensiveincomelossreclassificationadjustmentfromaocipensionandotherpostretirementbenefitplansnetoftax": 5263000,
        "othercomprehensiveincomelossreclassificationadjustmentfromaocionderivativesnetoftax": -171000,
        "othercomprehensiveincomelossnetoftax": -141877000,
        "comprehensiveincomenetoftax": 407909000,
        "othercomprehensiveincomelossforeigncurrencytranslationadjustmenttax": -14123000,
        "othercomprehensiveincomefinalizationofpensionandnonpensionpostretirementplanvaluationtax": -47051000,
        "othercomprehensiveincomelossreclassificationadjustmentfromaocipensionandotherpostretirementbenefitplansforsettlementchargetax": 12369000,
        "othercomprehensiveincomelossreclassificationadjustmentfromaocipensionandotherpostretirementbenefitplanstax": 3462000,
        "othercomprehensiveincomelossreclassificationadjustmentfromaocionderivativestax": 112000
    },
    {
        "date": "2016-07-29",
        "symbol": "TJX",
        "period": "Q2",
        "salesrevenuenet": 986663000,
        "costofsalesincludingbuyingandoccupancycosts": 5562961000,
        "sellinggeneralandadministrativeexpense": 1393248000,
        "interestrevenueexpensenet": -11262000,
        "incomelossfromcontinuingoperationsbeforeincometaxesextraordinaryitemsnoncontrollinginterest": 914582000,
        "incometaxexpensebenefit": 352408000,
        "netincomeloss": 562174000,
        "earningspersharebasic": 0.85,
        "weightedaveragenumberofsharesoutstandingbasic": 658117000,
        "earningspersharediluted": 0.84,
        "weightedaveragenumberofdilutedsharesoutstanding": 666606000,
        "commonstockdividendspersharedeclared": 0.26,
        "othercomprehensiveincomelossforeigncurrencytransactionandtranslationadjustmentnetoftax": -128308000,
        "othercomprehensiveincomelossreclassificationadjustmentfromaocipensionandotherpostretirementbenefitplansnetoftax": 4870000,
        "othercomprehensiveincomelossreclassificationadjustmentfromaocionderivativesnetoftax": -171000,
        "othercomprehensiveincomelossnetoftax": -123267000,
        "comprehensiveincomenetoftax": 438907000,
        "othercomprehensiveincomelossforeigncurrencytranslationadjustmenttax": -19883000,
        "othercomprehensiveincomelossreclassificationadjustmentfromaocipensionandotherpostretirementbenefitplanstax": 3204000,
        "othercomprehensiveincomelossreclassificationadjustmentfromaocionderivativestax": 112000
    },
    {
        "date": "2016-04-29",
        "symbol": "TJX",
        "period": "Q1",
        "salesrevenuenet": 980968000,
        "costofsalesincludingbuyingandoccupancycosts": 5372143000,
        "sellinggeneralandadministrativeexpense": 1335050000,
        "interestrevenueexpensenet": -10194000,
        "incomelossfromcontinuingoperationsbeforeincometaxesextraordinaryitemsnoncontrollinginterest": 824969000,
        "incometaxexpensebenefit": 316623000,
        "netincomeloss": 508346000,
        "earningspersharebasic": 0.77,
        "weightedaveragenumberofsharesoutstandingbasic": 661515000,
        "earningspersharediluted": 0.76,
        "weightedaveragenumberofdilutedsharesoutstanding": 670388000,
        "commonstockdividendspersharedeclared": 0.26,
        "othercomprehensiveincomelossforeigncurrencytransactionandtranslationadjustmentnetoftax": 129596000,
        "othercomprehensiveincomelossreclassificationadjustmentfromaocipensionandotherpostretirementbenefitplansnetoftax": 1293000,
        "othercomprehensiveincomelossreclassificationadjustmentfromaocionderivativesnetoftax": -171000,
        "othercomprehensiveincomelossnetoftax": 131060000,
        "comprehensiveincomenetoftax": 639406000,
        "othercomprehensiveincomelossforeigncurrencytranslationadjustmenttax": 51247000,
        "othercomprehensiveincomelossreclassificationadjustmentfromaocipensionandotherpostretirementbenefitplanstax": 850000,
        "othercomprehensiveincomelossreclassificationadjustmentfromaocionderivativestax": 112000
    },
    {
        "date": "2015-10-30",
        "symbol": "TJX",
        "period": "Q3",
        "salesrevenuenet": 4926507000,
        "costofsalesincludingbuyingandoccupancycosts": 5506899000,
        "sellinggeneralandadministrativeexpense": 1292401000,
        "interestrevenueexpensenet": -13005000,
        "incomelossfromcontinuingoperationsbeforeincometaxesextraordinaryitemsnoncontrollinginterest": 941190000,
        "incometaxexpensebenefit": 353934000,
        "netincomeloss": 587256000,
        "earningspersharebasic": 0.88,
        "weightedaveragenumberofsharesoutstandingbasic": 671154000,
        "earningspersharediluted": 0.86,
        "weightedaveragenumberofdilutedsharesoutstanding": 680844000,
        "commonstockdividendspersharedeclared": 0.21,
        "othercomprehensiveincomelossforeigncurrencytransactionandtranslationadjustmentnetoftax": -12859000,
        "othercomprehensiveincomelossreclassificationadjustmentfromaocipensionandotherpostretirementbenefitplansnetoftax": 4460000,
        "othercomprehensiveincomelossreclassificationadjustmentfromaocionderivativesnetoftax": -171000,
        "othercomprehensiveincomelossnetoftax": -8228000,
        "comprehensiveincomenetoftax": 579028000,
        "othercomprehensiveincomelossforeigncurrencytranslationadjustmenttax": 727000,
        "othercomprehensiveincomelossreclassificationadjustmentfromaocipensionandotherpostretirementbenefitplanstax": 2935000,
        "othercomprehensiveincomelossreclassificationadjustmentfromaocionderivativestax": 112000
    },
    {
        "date": "2015-07-31",
        "symbol": "TJX",
        "period": "Q2",
        "revenues": 4805883000,
        "costofsalesincludingbuyingandoccupancycosts": 5219191000,
        "sellinggeneralandadministrativeexpense": 1247538000,
        "interestrevenueexpensenet": -10808000,
        "incomelossfromcontinuingoperationsbeforeincometaxesextraordinaryitemsnoncontrollinginterest": 886194000,
        "incometaxexpensebenefit": 336859000,
        "netincomeloss": 549335000,
        "earningspersharebasic": 0.81,
        "weightedaveragenumberofsharesoutstandingbasic": 676082000,
        "earningspersharediluted": 0.8,
        "weightedaveragenumberofdilutedsharesoutstanding": 685322000,
        "commonstockdividendspersharedeclared": 0.21,
        "othercomprehensiveincomelossforeigncurrencytransactionandtranslationadjustmentnetoftax": -35289000,
        "othercomprehensiveincomedefinedbenefitplannetpriorservicecostscreditarisingduringperiodnetoftax": -5565000,
        "othercomprehensiveincomelossreclassificationadjustmentfromaocionderivativesnetoftax": -171000,
        "othercomprehensiveincomelossnetoftax": -29553000,
        "comprehensiveincomenetoftax": 519782000,
        "othercomprehensiveincomelossforeigncurrencytranslationadjustmenttax": -32188000,
        "othercomprehensiveincomelossamortizationadjustmentfromaocipensionandotherpostretirementbenefitplansfornetpriorservicecostcredittax": 3660000,
        "othercomprehensiveincomelossreclassificationadjustmentfromaocionderivativestax": 113000
    },
    {
        "date": "2015-05-01",
        "symbol": "TJX",
        "period": "Q1",
        "revenues": 4495410000,
        "costofsalesincludingbuyingandoccupancycosts": 4920241000,
        "sellinggeneralandadministrativeexpense": 1168657000,
        "interestrevenueexpensenet": -11624000,
        "incomelossfromcontinuingoperationsbeforeincometaxesextraordinaryitemsnoncontrollinginterest": 765115000,
        "incometaxexpensebenefit": 290514000,
        "netincomeloss": 474601000,
        "earningspersharebasic": 0.7,
        "weightedaveragenumberofsharesoutstandingbasic": 681369000,
        "earningspersharediluted": 0.69,
        "weightedaveragenumberofdilutedsharesoutstanding": 691206000,
        "commonstockdividendspersharedeclared": 0.21,
        "othercomprehensiveincomelossforeigncurrencytransactionandtranslationadjustmentnetoftax": 41453000,
        "othercomprehensiveincomedefinedbenefitplannetpriorservicecostscreditarisingduringperiodnetoftax": -5367000,
        "othercomprehensiveincomelossreclassificationadjustmentfromaocionderivativesnetoftax": -171000,
        "othercomprehensiveincomelossnetoftax": 46991000,
        "comprehensiveincomenetoftax": 521592000,
        "othercomprehensiveincomelossforeigncurrencytranslationadjustmenttax": 19155000,
        "othercomprehensiveincomelossamortizationadjustmentfromaocipensionandotherpostretirementbenefitplansfornetpriorservicecostcredittax": 3531000,
        "othercomprehensiveincomelossreclassificationadjustmentfromaocionderivativestax": 112000
    },
    {
        "date": "2014-10-31",
        "symbol": "TJX",
        "period": "Q3",
        "revenues": -6037000,
        "costofsalesincludingbuyingandoccupancycosts": 5203629000,
        "sellinggeneralandadministrativeexpense": 1193297000,
        "interestrevenueexpensenet": -10040000,
        "incomelossfromcontinuingoperationsbeforeincometaxesminorityinterestandincomelossfromequitymethodinvestments": 959100000,
        "incometaxexpensebenefit": 364143000,
        "netincomeloss": -167552000,
        "earningspersharebasic": 0.85,
        "weightedaveragenumberofsharesoutstandingbasic": -700102000,
        "earningspersharediluted": 0.8500000000000002,
        "weightedaveragenumberofdilutedsharesoutstanding": -711980000,
        "commonstockdividendspersharedeclared": 0.17500000000000004,
        "othercomprehensiveincomelossforeigncurrencytransactionandtranslationadjustmentnetoftax": -79552000,
        "othercomprehensiveincomedefinedbenefitplannetpriorservicecostscreditarisingduringperiodnetoftax": -2406000,
        "comprehensiveincomenetoftax": 1017237000,
        "othercomprehensiveincomelossforeigncurrencytranslationadjustmenttax": -14275000,
        "othercomprehensiveincomelossamortizationadjustmentfromaocipensionandotherpostretirementbenefitplansfornetpriorservicecostcredittax": 1604000
    },
    {
        "date": "2014-08-01",
        "symbol": "TJX",
        "period": "Q2",
        "revenues": 6917212000,
        "costofsalesincludingbuyingandoccupancycosts": 4935856000,
        "sellinggeneralandadministrativeexpense": 1122758000,
        "gainslossesonextinguishmentofdebt": -16830000,
        "interestrevenueexpensenet": -11150000,
        "incomelossfromcontinuingoperationsbeforeincometaxesminorityinterestandincomelossfromequitymethodinvestments": 830618000,
        "incometaxexpensebenefit": 312994000,
        "netincomeloss": 930887000,
        "earningspersharebasic": 0.75,
        "weightedaveragenumberofsharesoutstandingbasic": 694217000,
        "earningspersharediluted": 0.73,
        "weightedaveragenumberofdilutedsharesoutstanding": 705200000,
        "commonstockdividendspersharedeclared": 0.175,
        "othercomprehensiveincomelossforeigncurrencytransactionandtranslationadjustmentnetoftax": -2641000,
        "othercomprehensiveincomedefinedbenefitplannetpriorservicecostscreditarisingduringperiodnetoftax": -1618000,
        "othercomprehensiveincomeunrealizedgainlossonderivativesarisingduringperiodnetoftax": -4762000,
        "othercomprehensiveincomelossreclassificationadjustmentfromaocionderivativesnetoftax": -113000,
        "comprehensiveincomenetoftax": 511952000,
        "othercomprehensiveincomelossforeigncurrencytranslationadjustmenttax": 2075000,
        "othercomprehensiveincomelossamortizationadjustmentfromaocipensionandotherpostretirementbenefitplansfornetpriorservicecostcredittax": 1078000,
        "othercomprehensiveincomeunrealizedgainlossonderivativesarisingduringperiodtax": -3175000,
        "othercomprehensiveincomelossreclassificationadjustmentfromaocionderivativestax": 76000
    },
    {
        "date": "2014-05-02",
        "symbol": "TJX",
        "period": "Q1",
        "revenues": 6491176000,
        "costofsalesincludingbuyingandoccupancycosts": 4678000000,
        "sellinggeneralandadministrativeexpense": 1073050000,
        "interestrevenueexpensenet": -9595000,
        "incomelossfromcontinuingoperationsbeforeincometaxesminorityinterestandincomelossfromequitymethodinvestments": 730531000,
        "incometaxexpensebenefit": 276214000,
        "netincomeloss": 803563000,
        "earningspersharebasic": 0.65,
        "weightedaveragenumberofsharesoutstandingbasic": 701027000,
        "earningspersharediluted": 0.64,
        "weightedaveragenumberofdilutedsharesoutstanding": 712902000,
        "commonstockdividendspersharedeclared": 0.175,
        "othercomprehensiveincomelossforeigncurrencytransactionandtranslationadjustmentnetoftax": 36091000,
        "othercomprehensiveincomedefinedbenefitplannetpriorservicecostscreditarisingduringperiodnetoftax": -1618000,
        "comprehensiveincomenetoftax": 37709000,
        "othercomprehensiveincomelossforeigncurrencytranslationadjustmenttax": 6144000,
        "othercomprehensiveincomelossamortizationadjustmentfromaocipensionandotherpostretirementbenefitplansfornetpriorservicecostcredittax": 1079000
    },
    {
        "date": "2013-11-01",
        "symbol": "TJX",
        "period": "Q3",
        "revenues": 785883000,
        "costofsalesincludingbuyingandoccupancycosts": 4934465000,
        "sellinggeneralandadministrativeexpense": 1158668000,
        "interestrevenueexpensenet": -9371000,
        "incomelossfromcontinuingoperationsbeforeincometaxesminorityinterestandincomelossfromequitymethodinvestments": 879372000,
        "incometaxexpensebenefit": 256717000,
        "profitloss": 128692000,
        "earningspersharebasic": 0.88,
        "weightedaveragenumberofsharesoutstandingbasic": 711595000,
        "earningspersharediluted": 0.86,
        "weightedaveragenumberofdilutedsharesoutstanding": 724108000,
        "commonstockdividendspersharedeclared": 0.145,
        "othercomprehensiveincomelossforeigncurrencytransactionandtranslationadjustmentnetoftax": 27005000,
        "othercomprehensiveincomedefinedbenefitplansnetunamortizedgainlossarisingduringperiodnetoftax": 4331000,
        "comprehensiveincomenetoftaxincludingportionattributabletononcontrollinginterest": 653991000,
        "othercomprehensiveincomelosstax": 1890000
    },
    {
        "date": "2013-08-02",
        "symbol": "TJX",
        "period": "Q2",
        "revenues": 679364000,
        "costofsalesincludingbuyingandoccupancycosts": 4586739000,
        "sellinggeneralandadministrativeexpense": 1074320000,
        "interestrevenueexpensenet": -8919000,
        "incomelossfromcontinuingoperationsbeforeincometaxesminorityinterestandincomelossfromequitymethodinvestments": 772446000,
        "incometaxexpensebenefit": 292887000,
        "profitloss": 90776000,
        "earningspersharebasic": 0.67,
        "weightedaveragenumberofsharesoutstandingbasic": 715706000,
        "earningspersharediluted": 0.66,
        "weightedaveragenumberofdilutedsharesoutstanding": 728599000,
        "commonstockdividendspersharedeclared": 0.145,
        "othercomprehensiveincomelossforeigncurrencytransactionandtranslationadjustmentnetoftax": -34805000,
        "othercomprehensiveincomedefinedbenefitplansnetunamortizedgainlossarisingduringperiodnetoftax": 3950000,
        "comprehensiveincomenetoftaxincludingportionattributabletononcontrollinginterest": 448704000,
        "othercomprehensiveincomelosstax": -7934000
    },
    {
        "date": "2013-05-03",
        "symbol": "TJX",
        "period": "Q1",
        "revenues": 689530000,
        "costofsalesincludingbuyingandoccupancycosts": 4433533000,
        "sellinggeneralandadministrativeexpense": 1018909000,
        "interestrevenueexpensenet": -5282000,
        "incomelossfromcontinuingoperationsbeforeincometaxesminorityinterestandincomelossfromequitymethodinvestments": 731885000,
        "incometaxexpensebenefit": 278995000,
        "profitloss": 89063000,
        "earningspersharebasic": 0.63,
        "weightedaveragenumberofsharesoutstandingbasic": 719528000,
        "earningspersharediluted": 0.62,
        "weightedaveragenumberofdilutedsharesoutstanding": 732555000,
        "commonstockdividendspersharedeclared": 0.145,
        "othercomprehensiveincomelossforeigncurrencytransactionandtranslationadjustmentnetoftax": -19827000,
        "othercomprehensiveincomedefinedbenefitplansnetunamortizedgainlossarisingduringperiodnetoftax": 3971000,
        "comprehensiveincomenetoftaxincludingportionattributabletononcontrollinginterest": 452890000,
        "othercomprehensiveincomelosstax": 905000
    },
    {
        "date": "2012-10-26",
        "symbol": "TJX",
        "period": "Q3",
        "revenues": 637514000,
        "costofsalesincludingbuyingandoccupancycosts": 4566073000,
        "sellinggeneralandadministrativeexpense": 1090282000,
        "interestrevenueexpensenet": -6089000,
        "incomelossfromcontinuingoperationsbeforeincometaxesminorityinterestandincomelossfromequitymethodinvestments": 748469000,
        "incometaxexpensebenefit": 286918000,
        "profitloss": 76790000,
        "earningspersharebasic": 0.63,
        "weightedaveragenumberofsharesoutstandingbasic": 731575000,
        "earningspersharediluted": 0.62,
        "weightedaveragenumberofdilutedsharesoutstanding": 745741000,
        "commonstockdividendspersharedeclared": 0.115,
        "othercomprehensiveincomelossforeigncurrencytransactionandtranslationadjustmentnetoftax": 31096000,
        "othercomprehensiveincomedefinedbenefitplannetpriorservicecostscreditarisingduringperiodnetoftax": -2971000,
        "comprehensiveincomenetoftaxincludingportionattributabletononcontrollinginterest": 495618000
    },
    {
        "date": "2012-07-27",
        "symbol": "TJX",
        "period": "Q2",
        "revenues": 597714000,
        "costofsalesincludingbuyingandoccupancycosts": 4275073000,
        "sellinggeneralandadministrativeexpense": 978514000,
        "interestrevenueexpensenet": -9182000,
        "incomelossfromcontinuingoperationsbeforeincometaxesminorityinterestandincomelossfromequitymethodinvestments": 682790000,
        "incometaxexpensebenefit": 261698000,
        "profitloss": 60531000,
        "earningspersharebasic": 0.57,
        "weightedaveragenumberofsharesoutstandingbasic": 736830000,
        "earningspersharediluted": 0.56,
        "weightedaveragenumberofdilutedsharesoutstanding": 751243000,
        "commonstockdividendspersharedeclared": 0.115,
        "othercomprehensiveincomelossforeigncurrencytransactionandtranslationadjustmentnetoftax": -49711000,
        "othercomprehensiveincomedefinedbenefitplannetpriorservicecostscreditarisingduringperiodnetoftax": -4025000,
        "comprehensiveincomenetoftaxincludingportionattributabletononcontrollinginterest": 375406000
    },
    {
        "date": "2012-04-27",
        "symbol": "TJX",
        "period": "Q1",
        "revenues": 673097000,
        "costofsalesincludingbuyingandoccupancycosts": 4165728000,
        "sellinggeneralandadministrativeexpense": 942126000,
        "interestrevenueexpensenet": -8827000,
        "incomelossfromcontinuingoperationsbeforeincometaxesminorityinterestandincomelossfromequitymethodinvestments": 681405000,
        "incometaxexpensebenefit": 262205000,
        "profitloss": 11729000,
        "earningspersharebasic": 0.56,
        "weightedaveragenumberofsharesoutstandingbasic": 742233000,
        "earningspersharediluted": 0.55,
        "weightedaveragenumberofdilutedsharesoutstanding": 756016000,
        "commonstockdividendspersharedeclared": 0.115,
        "othercomprehensiveincomelossforeigncurrencytransactionandtranslationadjustmentnetoftax": 35255000,
        "othercomprehensiveincomedefinedbenefitplannetpriorservicecostscreditarisingduringperiodnetoftax": -4025000,
        "comprehensiveincomenetoftaxincludingportionattributabletononcontrollinginterest": 458480000
    },
    {
        "date": "2011-10-28",
        "symbol": "TJX",
        "period": "Q3",
        "revenues": 746661000,
        "costofsalesincludingbuyingandoccupancycosts": 4166587000,
        "sellinggeneralandadministrativeexpense": 954238000,
        "interestrevenueexpensenet": -8551000,
        "incomelossfromcontinuingoperationsbeforeincometaxesminorityinterestandincomelossfromequitymethodinvestments": 663752000,
        "incometaxexpensebenefit": 257265000,
        "profitloss": 42391000,
        "earningspersharebasic": 1.08,
        "weightedaveragenumberofsharesoutstandingbasic": 377137000,
        "earningspersharediluted": 1.06,
        "weightedaveragenumberofdilutedsharesoutstanding": 383026000,
        "commonstockdividendspersharedeclared": 0.19
    },
    {
        "date": "2011-07-29",
        "symbol": "TJX",
        "period": "Q2",
        "revenues": 661688000,
        "costofsalesincludingbuyingandoccupancycosts": 3976035000,
        "sellinggeneralandadministrativeexpense": 923693000,
        "interestexpensenet": 9109000,
        "incomelossfromcontinuingoperationsbeforeincometaxesminorityinterestandincomelossfromequitymethodinvestments": 559437000,
        "incometaxexpensebenefit": 211099000,
        "profitloss": 348338000,
        "earningspersharebasic": 0.91,
        "weightedaveragenumberofsharesoutstandingbasic": 381857000,
        "earningspersharediluted": 0.9,
        "weightedaveragenumberofdilutedsharesoutstanding": 387625000,
        "commonstockdividendspersharedeclared": 0.19
    },
    {
        "date": "2011-04-29",
        "symbol": "TJX",
        "period": "Q1",
        "revenues": 503283000,
        "costofsalesincludingbuyingandoccupancycosts": 3827258000,
        "sellinggeneralandadministrativeexpense": 954474000,
        "interestexpensenet": 8917000,
        "incomelossfromcontinuingoperationsbeforeincometaxesminorityinterestandincomelossfromequitymethodinvestments": 429646000,
        "incometaxexpensebenefit": 163695000,
        "profitloss": 265951000,
        "earningspersharebasic": 0.69,
        "weightedaveragenumberofsharesoutstandingbasic": 387978000,
        "earningspersharediluted": 0.67,
        "weightedaveragenumberofdilutedsharesoutstanding": 394004000,
        "commonstockdividendspersharedeclared": 0.19
    },
    {
        "date": "2010-10-29",
        "symbol": "TJX",
        "period": "Q3",
        "revenues": -3794743000,
        "costofsalesincludingbuyingandoccupancycosts": 11303752000,
        "sellinggeneralandadministrativeexpense": 912808000,
        "interestexpensenet": 9518000,
        "incomelossfromcontinuingoperationsbeforeincometaxesminorityinterestandincomelossfromequitymethodinvestments": 597117000,
        "incometaxexpensebenefit": 224808000,
        "profitloss": 372309000,
        "earningspersharebasic": 0.9299999999999999,
        "weightedaveragenumberofsharesoutstandingbasic": -408792000,
        "earningspersharediluted": 0.9199999999999999,
        "weightedaveragenumberofdilutedsharesoutstanding": -414858000,
        "commonstockdividendspersharedeclared": 0.15000000000000005
    },
    {
        "date": "2010-07-30",
        "symbol": "TJX",
        "period": "Q2",
        "revenues": 581447000,
        "costofsalesincludingbuyingandoccupancycosts": 3719210000,
        "sellinggeneralandadministrativeexpense": 853801000,
        "provisioncreditforcomputerintrusionrelatedcosts": -11550000,
        "interestexpensenet": 10272000,
        "incomelossfromcontinuingoperationsbeforeincometaxesminorityinterestandincomelossfromequitymethodinvestments": 496347000,
        "incometaxexpensebenefit": 191363000,
        "profitloss": 304984000,
        "earningspersharebasic": 0.76,
        "weightedaveragenumberofsharesoutstandingbasic": 403708000,
        "earningspersharediluted": 0.74,
        "weightedaveragenumberofdilutedsharesoutstanding": 409742000,
        "commonstockdividendspersharedeclared": 0.15
    },
    {
        "date": "2010-04-30",
        "symbol": "TJX",
        "period": "Q1",
        "revenues": 5016540000,
        "costofsalesincludingbuyingandoccupancycosts": -3648674000,
        "sellinggeneralandadministrativeexpense": 821363000,
        "interestexpensenet": 10202000,
        "incomelossfromcontinuingoperationsbeforeincometaxesminorityinterestandincomelossfromequitymethodinvestments": 536301000,
        "incometaxexpensebenefit": 204867000,
        "profitloss": 331434000,
        "earningspersharebasic": 0.81,
        "weightedaveragenumberofsharesoutstandingbasic": 408053000,
        "earningspersharediluted": 0.8,
        "weightedaveragenumberofdilutedsharesoutstanding": 414400000,
        "commonstockdividendspersharedeclared": 0.15
    },
    {
        "date": "2009-10-30",
        "symbol": "TJX",
        "period": "Q3",
        "revenues": 5244946000,
        "costofsalesincludingbuyingandoccupancycosts": -3802179000,
        "sellinggeneralandadministrativeexpense": 864097000,
        "interestexpensenet": 12665000,
        "incomelossfromcontinuingoperationsbeforeincometaxesminorityinterestandincomelossfromequitymethodinvestments": 566005000,
        "incometaxexpensebenefit": 218206000,
        "incomelossfromcontinuingoperationsincludingportionattributabletononcontrollinginterest": 347799000,
        "profitloss": 347799000,
        "incomelossfromcontinuingoperationsperbasicshare": 0.82,
        "earningspersharebasic": 0.82,
        "weightedaveragenumberofsharesoutstandingbasic": 421654000,
        "incomelossfromcontinuingoperationsperdilutedshare": 0.81,
        "earningspersharediluted": 0.81,
        "weightedaveragenumberofdilutedsharesoutstanding": 428092000,
        "commonstockdividendspersharedeclared": 0.12
    },
    {
        "date": "2009-07-31",
        "symbol": "TJX",
        "period": "Q2",
        "revenues": 4747528000,
        "costofsalesincludingbuyingandoccupancycosts": -3534302000,
        "sellinggeneralandadministrativeexpense": 790876000,
        "interestexpensenet": 9249000,
        "incomelossfromcontinuingoperationsbeforeincometaxesminorityinterestandincomelossfromequitymethodinvestments": 413101000,
        "incometaxexpensebenefit": 151540000,
        "incomelossfromcontinuingoperationsincludingportionattributabletononcontrollinginterest": 261561000,
        "profitloss": 261561000,
        "incomelossfromcontinuingoperationsperbasicshare": 0.62,
        "earningspersharebasic": 0.62,
        "weightedaveragenumberofsharesoutstandingbasic": 423891000,
        "incomelossfromcontinuingoperationsperdilutedshare": 0.61,
        "earningspersharediluted": 0.61,
        "weightedaveragenumberofdilutedsharesoutstanding": 430453000,
        "commonstockdividendspersharedeclared": 0.12
    }
]