[
    {
        "date": "2024-09-27",
        "symbol": "TPR",
        "period": "Q1",
        "revenuefromcontractwithcustomerexcludingassessedtax": 1507500000,
        "costofrevenue": 372600000,
        "grossprofit": 1134900000,
        "sellinggeneralandadministrativeexpense": 882900000,
        "operatingincomeloss": 406200000,
        "interestincomeexpensenet": 6100000,
        "othernonoperatingincomeexpense": 26300000,
        "incomelossfromcontinuingoperationsbeforeincometaxesextraordinaryitemsnoncontrollinginterest": 225700000,
        "incometaxexpensebenefit": 39100000,
        "netincomeloss": 186600000,
        "earningspersharebasic": 0.81,
        "earningspersharediluted": 0.79,
        "weightedaveragenumberofsharesoutstandingbasic": 231500000,
        "weightedaveragenumberofdilutedsharesoutstanding": 235900000,
        "othercomprehensiveincomelosscashflowhedgegainlossafterreclassificationandtaxparent": -47700000,
        "othercomprehensiveincomeavailableforsalesecuritiesadjustmentnetoftaxportionattributabletoparent": 2400000,
        "othercomprehensiveincomeforeigncurrencytransactionandtranslationadjustmentnetoftaxportionattributabletoparent": -1200000,
        "othercomprehensiveincomelossnetoftaxportionattributabletoparent": -46500000,
        "comprehensiveincomenetoftax": 140100000
    },
    {
        "date": "2024-06-28",
        "symbol": "TPR",
        "period": "Q4",
        "revenuefromcontractwithcustomerexcludingassessedtax": 1591100000,
        "costofrevenue": 399900000,
        "grossprofit": 1191200000,
        "sellinggeneralandadministrativeexpense": 956200000,
        "operatingincomeloss": 857400000,
        "interestincomeexpensenet": 123200000,
        "othernonoperatingincomeexpense": 127700000,
        "incomelossfromcontinuingoperationsbeforeincometaxesextraordinaryitemsnoncontrollinginterest": 200800000,
        "incometaxexpensebenefit": 41500000,
        "netincomeloss": 159300000,
        "earningspersharebasic": 0.6900000000000003,
        "earningspersharediluted": 0.67,
        "weightedaveragenumberofsharesoutstandingbasic": 229200000,
        "weightedaveragenumberofdilutedsharesoutstanding": 233200000,
        "othercomprehensiveincomelosscashflowhedgegainlossafterreclassificationandtaxparent": 10000000,
        "othercomprehensiveincomeforeigncurrencytransactionandtranslationadjustmentnetoftaxportionattributabletoparent": 1500000,
        "othercomprehensiveincomelossnetoftaxportionattributabletoparent": 11300000,
        "comprehensiveincomenetoftax": 170600000
    },
    {
        "date": "2024-03-29",
        "symbol": "TPR",
        "period": "Q3",
        "revenuefromcontractwithcustomerexcludingassessedtax": 1482400000,
        "costofrevenue": 375000000,
        "grossprofit": 1107400000,
        "sellinggeneralandadministrativeexpense": 903100000,
        "operatingincomeloss": 204300000,
        "interestincomeexpensenet": -32000000,
        "othernonoperatingincomeexpense": -2800000,
        "incomelossfromcontinuingoperationsbeforeincometaxesextraordinaryitemsnoncontrollinginterest": 169500000,
        "incometaxexpensebenefit": 30100000,
        "netincomeloss": 139400000,
        "earningspersharebasic": 0.61,
        "earningspersharediluted": 0.6,
        "weightedaveragenumberofsharesoutstandingbasic": 229500000,
        "weightedaveragenumberofdilutedsharesoutstanding": 234200000,
        "othercomprehensiveincomelosscashflowhedgegainlossafterreclassificationandtaxparent": 21900000,
        "othercomprehensiveincomeforeigncurrencytransactionandtranslationadjustmentnetoftaxportionattributabletoparent": -700000,
        "othercomprehensiveincomelossnetoftaxportionattributabletoparent": 21200000,
        "comprehensiveincomenetoftax": 160600000
    },
    {
        "date": "2023-12-29",
        "symbol": "TPR",
        "period": "Q2",
        "revenuefromcontractwithcustomerexcludingassessedtax": 2084500000,
        "costofrevenue": 591300000,
        "grossprofit": 1493200000,
        "sellinggeneralandadministrativeexpense": 1045600000,
        "operatingincomeloss": 447600000,
        "interestincomeexpensenet": -49200000,
        "othernonoperatingincomeexpense": 4700000,
        "incomelossfromcontinuingoperationsbeforeincometaxesextraordinaryitemsnoncontrollinginterest": 403100000,
        "incometaxexpensebenefit": 80800000,
        "netincomeloss": 322300000,
        "earningspersharebasic": 1.41,
        "earningspersharediluted": 1.39,
        "weightedaveragenumberofsharesoutstandingbasic": 229300000,
        "weightedaveragenumberofdilutedsharesoutstanding": 231700000,
        "othercomprehensiveincomelosscashflowhedgegainlossafterreclassificationandtaxparent": -41000000,
        "othercomprehensiveincomeforeigncurrencytransactionandtranslationadjustmentnetoftaxportionattributabletoparent": 17900000,
        "othercomprehensiveincomelossnetoftaxportionattributabletoparent": -23100000,
        "comprehensiveincomenetoftax": 299200000
    },
    {
        "date": "2023-09-29",
        "symbol": "TPR",
        "period": "Q1",
        "revenuefromcontractwithcustomerexcludingassessedtax": 1513200000,
        "costofrevenue": 415500000,
        "grossprofit": 1097700000,
        "sellinggeneralandadministrativeexpense": 844500000,
        "operatingincomeloss": 253200000,
        "interestincomeexpensenet": -13300000,
        "othernonoperatingincomeexpense": -1400000,
        "incomelossfromcontinuingoperationsbeforeincometaxesextraordinaryitemsnoncontrollinginterest": 238500000,
        "incometaxexpensebenefit": 43500000,
        "netincomeloss": 195000000,
        "earningspersharebasic": 0.85,
        "earningspersharediluted": 0.84,
        "weightedaveragenumberofsharesoutstandingbasic": 228300000,
        "weightedaveragenumberofdilutedsharesoutstanding": 232500000,
        "othercomprehensiveincomelosscashflowhedgegainlossafterreclassificationandtaxparent": 31300000,
        "othercomprehensiveincomeforeigncurrencytransactionandtranslationadjustmentnetoftaxportionattributabletoparent": 3300000,
        "othercomprehensiveincomelossnetoftaxportionattributabletoparent": 34600000,
        "comprehensiveincomenetoftax": 229600000
    },
    {
        "date": "2023-06-30",
        "symbol": "TPR",
        "period": "Q4",
        "revenuefromcontractwithcustomerexcludingassessedtax": 1619500000,
        "costofrevenue": 446800000,
        "grossprofit": 1172700000,
        "sellinggeneralandadministrativeexpense": 899100000,
        "operatingincomeloss": 273600000,
        "interestincomeexpensenet": -6200000,
        "othernonoperatingincomeexpense": -600000,
        "incomelossfromcontinuingoperationsbeforeincometaxesextraordinaryitemsnoncontrollinginterest": 266800000,
        "incometaxexpensebenefit": 42700000,
        "netincomeloss": 224100000,
        "earningspersharebasic": 0.9699999999999998,
        "earningspersharediluted": 0.9499999999999997,
        "weightedaveragenumberofsharesoutstandingbasic": -2000000,
        "weightedaveragenumberofdilutedsharesoutstanding": -1900000,
        "othercomprehensiveincomelosscashflowhedgegainlossafterreclassificationandtaxparent": 47300000,
        "othercomprehensiveincomeforeigncurrencytransactionandtranslationadjustmentnetoftaxportionattributabletoparent": -19600000,
        "othercomprehensiveincomelossnetoftaxportionattributabletoparent": 27700000,
        "comprehensiveincomenetoftax": 251800000
    },
    {
        "date": "2023-03-31",
        "symbol": "TPR",
        "period": "Q3",
        "revenuefromcontractwithcustomerexcludingassessedtax": 1509500000,
        "costofrevenue": 411200000,
        "grossprofit": 1098300000,
        "sellinggeneralandadministrativeexpense": 872000000,
        "operatingincomeloss": 226300000,
        "interestincomeexpensenet": -6100000,
        "othernonoperatingincomeexpense": 3000000,
        "incomelossfromcontinuingoperationsbeforeincometaxesextraordinaryitemsnoncontrollinginterest": 223200000,
        "incometaxexpensebenefit": 36500000,
        "netincomeloss": 186700000,
        "earningspersharebasic": 0.8000000000000003,
        "earningspersharediluted": 0.79,
        "weightedaveragenumberofsharesoutstandingbasic": -1900000,
        "weightedaveragenumberofdilutedsharesoutstanding": -1800000,
        "othercomprehensiveincomelosscashflowhedgegainlossafterreclassificationandtaxparent": 4700000,
        "othercomprehensiveincomeforeigncurrencytransactionandtranslationadjustmentnetoftaxportionattributabletoparent": -4500000,
        "othercomprehensiveincomelossnetoftaxportionattributabletoparent": 200000,
        "comprehensiveincomenetoftax": 186900000
    },
    {
        "date": "2022-12-30",
        "symbol": "TPR",
        "period": "Q2",
        "revenuefromcontractwithcustomerexcludingassessedtax": 2025400000,
        "costofrevenue": 636100000,
        "grossprofit": 1389300000,
        "sellinggeneralandadministrativeexpense": 971100000,
        "operatingincomeloss": 418200000,
        "interestincomeexpensenet": -7900000,
        "othernonoperatingincomeexpense": 6600000,
        "incomelossfromcontinuingoperationsbeforeincometaxesextraordinaryitemsnoncontrollinginterest": 416900000,
        "incometaxexpensebenefit": 87000000,
        "netincomeloss": 329900000,
        "earningspersharebasic": 1.38,
        "earningspersharediluted": 1.35,
        "weightedaveragenumberofsharesoutstandingbasic": -1200000,
        "weightedaveragenumberofdilutedsharesoutstanding": -1800000,
        "othercomprehensiveincomelosscashflowhedgegainlossafterreclassificationandtaxparent": -22500000,
        "othercomprehensiveincomeavailableforsalesecuritiesadjustmentnetoftaxportionattributabletoparent": 0,
        "othercomprehensiveincomeforeigncurrencytransactionandtranslationadjustmentnetoftaxportionattributabletoparent": -2400000,
        "othercomprehensiveincomelossnetoftaxportionattributabletoparent": -24900000,
        "comprehensiveincomenetoftax": 305000000
    },
    {
        "date": "2022-09-30",
        "symbol": "TPR",
        "period": "Q1",
        "revenuefromcontractwithcustomerexcludingassessedtax": 1506500000,
        "costofrevenue": 451900000,
        "grossprofit": 1054600000,
        "sellinggeneralandadministrativeexpense": 800300000,
        "operatingincomeloss": 254300000,
        "interestincomeexpensenet": -7400000,
        "othernonoperatingincomeexpense": -10700000,
        "incomelossfromcontinuingoperationsbeforeincometaxesextraordinaryitemsnoncontrollinginterest": 236200000,
        "incometaxexpensebenefit": 40900000,
        "netincomeloss": 195300000,
        "earningspersharebasic": 0.81,
        "earningspersharediluted": 0.79,
        "weightedaveragenumberofsharesoutstandingbasic": 241500000,
        "weightedaveragenumberofdilutedsharesoutstanding": 246800000,
        "othercomprehensiveincomelosscashflowhedgegainlossafterreclassificationandtaxparent": 7700000,
        "othercomprehensiveincomeavailableforsalesecuritiesadjustmentnetoftaxportionattributabletoparent": 500000,
        "othercomprehensiveincomeforeigncurrencytransactionandtranslationadjustmentnetoftaxportionattributabletoparent": -30200000,
        "othercomprehensiveincomelossnetoftaxportionattributabletoparent": -22000000,
        "comprehensiveincomenetoftax": 173300000
    },
    {
        "date": "2022-07-01",
        "symbol": "TPR",
        "period": "Q4",
        "revenuefromcontractwithcustomerexcludingassessedtax": 5024200000,
        "costofrevenue": 505700000,
        "grossprofit": 3474800000,
        "operatingincomeloss": 1108300000,
        "interestincomeexpensenet": -11900000,
        "othernonoperatingincomeexpense": -8100000,
        "incomelossfromcontinuingoperationsbeforeincometaxesextraordinaryitemsnoncontrollinginterest": 1088300000,
        "incometaxexpensebenefit": 39700000,
        "netincomeloss": 188800000,
        "earningspersharebasic": 0.7699999999999999,
        "earningspersharediluted": 0.7500000000000002,
        "weightedaveragenumberofsharesoutstandingbasic": -5400000,
        "weightedaveragenumberofdilutedsharesoutstanding": -5800000,
        "othercomprehensiveincomeforeigncurrencytransactionandtranslationadjustmentnetoftaxportionattributabletoparent": -52600000,
        "othercomprehensiveincomelossnetoftaxportionattributabletoparent": -54100000,
        "comprehensiveincomenetoftax": 135600000
    },
    {
        "date": "2022-04-01",
        "symbol": "TPR",
        "period": "Q3",
        "revenuefromcontractwithcustomerexcludingassessedtax": 1437500000,
        "costofrevenue": 432400000,
        "grossprofit": 1005100000,
        "sellinggeneralandadministrativeexpense": 835600000,
        "operatingincomeloss": 169500000,
        "interestincomeexpensenet": -14800000,
        "othernonoperatingincomeexpense": -3000000,
        "incomelossfromcontinuingoperationsbeforeincometaxesextraordinaryitemsnoncontrollinginterest": 151700000,
        "incometaxexpensebenefit": 29000000,
        "netincomeloss": 122700000,
        "earningspersharebasic": 0.4800000000000003,
        "earningspersharediluted": 0.47,
        "weightedaveragenumberofsharesoutstandingbasic": -279600000,
        "weightedaveragenumberofdilutedsharesoutstanding": -286500000,
        "othercomprehensiveincomelosscashflowhedgegainlossafterreclassificationandtaxparent": 0,
        "othercomprehensiveincomeunrealizedholdinggainlossonsecuritiesarisingduringperiodbeforetax": -600000,
        "othercomprehensiveincomeforeigncurrencytransactionandtranslationadjustmentnetoftaxportionattributabletoparent": -21400000,
        "othercomprehensiveincomelossnetoftaxportionattributabletoparent": -22000000,
        "comprehensiveincomenetoftax": 100700000
    },
    {
        "date": "2021-12-31",
        "symbol": "TPR",
        "period": "Q2",
        "revenuefromcontractwithcustomerexcludingassessedtax": 2141200000,
        "costofrevenue": 683800000,
        "grossprofit": 1457400000,
        "sellinggeneralandadministrativeexpense": 994600000,
        "operatingincomeloss": 462800000,
        "gainslossesonextinguishmentofdebt": -53700000,
        "interestincomeexpensenet": -15900000,
        "othernonoperatingincomeexpense": -3100000,
        "incomelossfromcontinuingoperationsbeforeincometaxesextraordinaryitemsnoncontrollinginterest": 390100000,
        "incometaxexpensebenefit": 72200000,
        "netincomeloss": 317900000,
        "earningspersharebasic": 1.17,
        "earningspersharediluted": 1.15,
        "weightedaveragenumberofsharesoutstandingbasic": 271100000,
        "weightedaveragenumberofdilutedsharesoutstanding": 277200000,
        "othercomprehensiveincomelosscashflowhedgegainlossafterreclassificationandtaxparent": -200000,
        "othercomprehensiveincomeunrealizedholdinggainlossonsecuritiesarisingduringperiodbeforetax": -100000,
        "othercomprehensiveincomeforeigncurrencytransactionandtranslationadjustmentnetoftaxportionattributabletoparent": -13300000,
        "othercomprehensiveincomelossnetoftaxportionattributabletoparent": -13600000,
        "comprehensiveincomenetoftax": 304300000
    },
    {
        "date": "2021-10-01",
        "symbol": "TPR",
        "period": "Q1",
        "revenuefromcontractwithcustomerexcludingassessedtax": 1480900000,
        "costofrevenue": 412200000,
        "grossprofit": 1068700000,
        "sellinggeneralandadministrativeexpense": 773700000,
        "operatingincomeloss": 295000000,
        "interestincomeexpensenet": -16100000,
        "othernonoperatingincomeexpense": -2200000,
        "incomelossfromcontinuingoperationsbeforeincometaxesextraordinaryitemsnoncontrollinginterest": 276700000,
        "incometaxexpensebenefit": 49800000,
        "netincomeloss": 226900000,
        "earningspersharebasic": 0.82,
        "earningspersharediluted": 0.8,
        "weightedaveragenumberofsharesoutstandingbasic": 278200000,
        "weightedaveragenumberofdilutedsharesoutstanding": 285200000,
        "othercomprehensiveincomelosscashflowhedgegainlossafterreclassificationandtaxparent": -400000,
        "othercomprehensiveincomeunrealizedholdinggainlossonsecuritiesarisingduringperiodbeforetax": -200000,
        "othercomprehensiveincomeforeigncurrencytransactionandtranslationadjustmentnetoftaxportionattributabletoparent": -9500000,
        "othercomprehensiveincomelossnetoftaxportionattributabletoparent": -10100000,
        "comprehensiveincomenetoftax": 216800000
    },
    {
        "date": "2021-07-02",
        "symbol": "TPR",
        "period": "Q4",
        "revenuefromcontractwithcustomerexcludingassessedtax": 1615400000,
        "costofrevenue": 449300000,
        "grossprofit": 1166100000,
        "operatingincomeloss": 259700000,
        "interestincomeexpensenet": -16400000,
        "othernonoperatingincomeexpense": -1100000,
        "incomelossfromcontinuingoperationsbeforeincometaxesminorityinterestandincomelossfromequitymethodinvestments": 242200000,
        "incometaxexpensebenefit": 42400000,
        "netincomeloss": 199800000,
        "earningspersharebasic": 0.7099999999999999,
        "earningspersharediluted": 0.6900000000000003,
        "weightedaveragenumberofsharesoutstandingbasic": -554600000,
        "weightedaveragenumberofdilutedsharesoutstanding": -561500000,
        "othercomprehensiveincomelosscashflowhedgegainlossafterreclassificationandtaxparent": 1300000,
        "othercomprehensiveincomeforeigncurrencytransactionandtranslationadjustmentnetoftaxportionattributabletoparent": -1500000,
        "othercomprehensiveincomelossnetoftaxportionattributabletoparent": -200000,
        "comprehensiveincomenetoftax": 199600000
    },
    {
        "date": "2021-03-26",
        "symbol": "TPR",
        "period": "Q3",
        "revenuefromcontractwithcustomerexcludingassessedtax": 1273300000,
        "costofrevenue": 361400000,
        "grossprofit": 911900000,
        "sellinggeneralandadministrativeexpenseexcludingimpairment": 795200000,
        "sellinggeneralandadministrativeexpense": 795200000,
        "operatingincomeloss": 116700000,
        "interestincomeexpensenet": -16900000,
        "othernonoperatingincomeexpense": -4400000,
        "incomelossfromcontinuingoperationsbeforeincometaxesminorityinterestandincomelossfromequitymethodinvestments": 95400000,
        "incometaxexpensebenefit": 3700000,
        "netincomeloss": 91700000,
        "earningspersharebasic": 0.33,
        "earningspersharediluted": 0.32,
        "weightedaveragenumberofsharesoutstandingbasic": 278200000,
        "weightedaveragenumberofdilutedsharesoutstanding": 285600000,
        "othercomprehensiveincomelosscashflowhedgegainlossafterreclassificationandtaxparent": 2200000,
        "othercomprehensiveincomeforeigncurrencytransactionandtranslationadjustmentnetoftaxportionattributabletoparent": -23600000,
        "othercomprehensiveincomelossnetoftaxportionattributabletoparent": -21400000,
        "comprehensiveincomenetoftax": 70300000
    },
    {
        "date": "2020-12-25",
        "symbol": "TPR",
        "period": "Q2",
        "revenuefromcontractwithcustomerexcludingassessedtax": 1685400000,
        "costofrevenue": 511700000,
        "grossprofit": 1173700000,
        "sellinggeneralandadministrativeexpense": 784300000,
        "operatingincomeloss": 389400000,
        "interestincomeexpensenet": -18700000,
        "othernonoperatingincomeexpense": 3600000,
        "incomelossfromcontinuingoperationsbeforeincometaxesminorityinterestandincomelossfromequitymethodinvestments": 374300000,
        "incometaxexpensebenefit": 63300000,
        "netincomeloss": 311000000,
        "earningspersharebasic": 1.12,
        "earningspersharediluted": 1.11,
        "weightedaveragenumberofsharesoutstandingbasic": 277500000,
        "weightedaveragenumberofdilutedsharesoutstanding": 281000000,
        "othercomprehensiveincomelosscashflowhedgegainlossafterreclassificationandtaxparent": -1800000,
        "othercomprehensiveincomeforeigncurrencytransactionandtranslationadjustmentnetoftaxportionattributabletoparent": 27900000,
        "othercomprehensiveincomelossnetoftaxportionattributabletoparent": 26100000,
        "comprehensiveincomenetoftax": 337100000
    },
    {
        "date": "2020-09-25",
        "symbol": "TPR",
        "period": "Q1",
        "revenuefromcontractwithcustomerexcludingassessedtax": 1172200000,
        "costofrevenue": 342000000,
        "grossprofit": 830200000,
        "sellinggeneralandadministrativeexpense": 628000000,
        "operatingincomeloss": 202200000,
        "interestincomeexpensenet": -19400000,
        "othernonoperatingincomeexpense": 2600000,
        "incomelossfromcontinuingoperationsbeforeincometaxesminorityinterestandincomelossfromequitymethodinvestments": 185400000,
        "incometaxexpensebenefit": -46300000,
        "netincomeloss": 231700000,
        "earningspersharebasic": 0.84,
        "earningspersharediluted": 0.83,
        "weightedaveragenumberofsharesoutstandingbasic": 276800000,
        "weightedaveragenumberofdilutedsharesoutstanding": 277900000,
        "othercomprehensiveincomelosscashflowhedgegainlossafterreclassificationandtaxparent": -3500000,
        "othercomprehensiveincomeforeigncurrencytransactionandtranslationadjustmentnetoftaxportionattributabletoparent": 19200000,
        "othercomprehensiveincomelossnetoftaxportionattributabletoparent": 15700000,
        "comprehensiveincomenetoftax": 247400000
    },
    {
        "date": "2020-06-26",
        "symbol": "TPR",
        "period": "Q4",
        "netincomeloss": -293800000,
        "comprehensiveincomenetoftax": -289300000,
        "revenuefromcontractwithcustomerexcludingassessedtax": -2256900000,
        "costofrevenue": 215900000,
        "grossprofit": -1509900000,
        "operatingincomeloss": -913300000,
        "interestincomeexpensenet": -20300000,
        "incomelossfromcontinuingoperationsbeforeincometaxesminorityinterestandincomelossfromequitymethodinvestments": -934100000,
        "incometaxexpensebenefit": -7000000,
        "earningspersharebasic": -1.0600000000000003,
        "earningspersharediluted": -1.06,
        "weightedaveragenumberofsharesoutstandingbasic": -800000,
        "weightedaveragenumberofdilutedsharesoutstanding": -1600000,
        "commonstockdividendspersharedeclared": 0.0004999999999999449
    },
    {
        "date": "2020-03-27",
        "symbol": "TPR",
        "period": "Q3",
        "netincomeloss": -677100000,
        "othercomprehensiveincomelosscashflowhedgegainlossafterreclassificationbeforetaxparent": 1200000,
        "othercomprehensiveincomeforeigncurrencytransactionandtranslationadjustmentnetoftaxportionattributabletoparent": -12900000,
        "comprehensiveincomenetoftax": -688800000,
        "revenuefromcontractwithcustomerexcludingassessedtax": 4044400000,
        "costofrevenue": 456500000,
        "grossprofit": 2625000000,
        "sellinggeneralandadministrativeexpense": 1301700000,
        "operatingincomeloss": -52200000,
        "interestincomeexpensenet": -13500000,
        "incomelossfromcontinuingoperationsbeforeincometaxesminorityinterestandincomelossfromequitymethodinvestments": -71700000,
        "incometaxexpensebenefit": -27900000,
        "earningspersharebasic": -2.4199999999999995,
        "earningspersharediluted": -2.4099999999999997,
        "weightedaveragenumberofsharesoutstandingbasic": -1400000,
        "weightedaveragenumberofdilutedsharesoutstanding": -1600000,
        "commonstockdividendspersharedeclared": 0.3374999999999999
    },
    {
        "date": "2019-12-27",
        "symbol": "TPR",
        "period": "Q2",
        "netincomeloss": 298800000,
        "othercomprehensiveincomelosscashflowhedgegainlossafterreclassificationbeforetaxparent": 2600000,
        "othercomprehensiveincomeforeigncurrencytransactionandtranslationadjustmentnetoftaxportionattributabletoparent": 8400000,
        "othercomprehensiveincomelossothernetoftaxportionattributabletoparent": 0,
        "othercomprehensiveincomelossnetoftaxportionattributabletoparent": 11000000,
        "comprehensiveincomenetoftax": 309800000,
        "revenuefromcontractwithcustomerexcludingassessedtax": 1816000000,
        "costofrevenue": 606300000,
        "grossprofit": 1209700000,
        "sellinggeneralandadministrativeexpense": 846600000,
        "operatingincomeloss": 363100000,
        "interestincomeexpensenet": -14000000,
        "incomelossfromcontinuingoperationsbeforeincometaxesminorityinterestandincomelossfromequitymethodinvestments": 355000000,
        "incometaxexpensebenefit": 56200000,
        "earningspersharebasic": 1.0699999999999998,
        "earningspersharediluted": 1.0599999999999998,
        "weightedaveragenumberofsharesoutstandingbasic": -3600000,
        "weightedaveragenumberofdilutedsharesoutstanding": -3900000,
        "commonstockdividendspersharedeclared": 0.3375
    },
    {
        "date": "2019-09-27",
        "symbol": "TPR",
        "period": "Q1",
        "netincomeloss": 20000000,
        "othercomprehensiveincomelosscashflowhedgegainlossafterreclassificationbeforetaxparent": 2700000,
        "othercomprehensiveincomeforeigncurrencytransactionandtranslationadjustmentnetoftaxportionattributabletoparent": -13800000,
        "othercomprehensiveincomelossothernetoftaxportionattributabletoparent": -1700000,
        "othercomprehensiveincomelossnetoftaxportionattributabletoparent": -12800000,
        "comprehensiveincomenetoftax": 7200000,
        "revenuefromcontractwithcustomerexcludingassessedtax": 1357900000,
        "costofrevenue": 443400000,
        "grossprofit": 914500000,
        "sellinggeneralandadministrativeexpense": 862900000,
        "operatingincomeloss": 51600000,
        "interestincomeexpensenet": -12300000,
        "otherexpenses": 12700000,
        "incomelossfromcontinuingoperationsbeforeincometaxesminorityinterestandincomelossfromequitymethodinvestments": 26600000,
        "incometaxexpensebenefit": 6600000,
        "earningspersharebasic": 0.07,
        "earningspersharediluted": 0.07,
        "weightedaveragenumberofsharesoutstandingbasic": 284400000,
        "weightedaveragenumberofdilutedsharesoutstanding": 285700000,
        "commonstockdividendspersharedeclared": 0.3375
    },
    {
        "date": "2019-06-28",
        "symbol": "TPR",
        "period": "Q4",
        "netincomeloss": 148900000,
        "othercomprehensiveincomeforeigncurrencytransactionandtranslationgainlossarisingduringperiodnetoftax": 10600000,
        "comprehensiveincomenetoftax": 156200000,
        "costofrevenue": 961900000,
        "grossprofit": 1933500000,
        "sellinggeneralandadministrativeexpense": 1604900000,
        "operatingincomeloss": 328600000,
        "interestincomeexpensenet": -11000000,
        "incomelossfromcontinuingoperationsbeforeincometaxesminorityinterestandincomelossfromequitymethodinvestments": 624000000,
        "incometaxexpensebenefit": 10000000,
        "earningspersharebasic": 0.5200000000000002,
        "earningspersharediluted": 0.51,
        "weightedaveragenumberofsharesoutstandingbasic": -579300000,
        "weightedaveragenumberofdilutedsharesoutstanding": -583100000,
        "commonstockdividendspersharedeclared": 0.33750000000000013
    },
    {
        "date": "2019-03-29",
        "symbol": "TPR",
        "period": "Q3",
        "netincomeloss": 117400000,
        "othercomprehensiveincomelosscashflowhedgegainlossafterreclassificationbeforetax": -4000000,
        "othercomprehensiveincomeunrealizedholdinggainlossonsecuritiesarisingduringperiodnetoftax": 100000,
        "othercomprehensiveincomeforeigncurrencytransactionandtranslationgainlossarisingduringperiodnetoftax": 4900000,
        "othercomprehensiveincomelossnetoftax": 1000000,
        "comprehensiveincomenetoftax": 118400000,
        "revenuefromcontractwithcustomerexcludingassessedtax": 85300000,
        "costofrevenue": 414700000,
        "grossprofit": 916900000,
        "sellinggeneralandadministrativeexpense": 811500000,
        "operatingincomeloss": 105400000,
        "interestincomeexpensenet": -10600000,
        "incomelossfromcontinuingoperationsbeforeincometaxesminorityinterestandincomelossfromequitymethodinvestments": -13600000,
        "incometaxexpensebenefit": -22200000,
        "earningspersharebasic": 0.4,
        "earningspersharediluted": 0.4,
        "weightedaveragenumberofsharesoutstandingbasic": 290000000,
        "weightedaveragenumberofdilutedsharesoutstanding": 290900000,
        "commonstockdividendspersharedeclared": 0.3375
    },
    {
        "date": "2018-12-28",
        "symbol": "TPR",
        "period": "Q2",
        "netincomeloss": 254800000,
        "othercomprehensiveincomeunrealizedgainlossonderivativesarisingduringperiodnetoftax": -3200000,
        "othercomprehensiveincomeunrealizedholdinggainlossonsecuritiesarisingduringperiodnetoftax": 100000,
        "othercomprehensiveincomeforeigncurrencytransactionandtranslationgainlossarisingduringperiodnetoftax": -300000,
        "othercomprehensiveincomelossnetoftax": -3400000,
        "comprehensiveincomenetoftax": 251400000,
        "revenuefromcontractwithcustomerexcludingassessedtax": 123800000,
        "costofrevenue": 596700000,
        "grossprofit": 1205600000,
        "sellinggeneralandadministrativeexpense": 824000000,
        "operatingincomeloss": 381600000,
        "interestincomeexpensenet": -13200000,
        "incomelossfromcontinuingoperationsbeforeincometaxesminorityinterestandincomelossfromequitymethodinvestments": 11200000,
        "incometaxexpensebenefit": 112700000,
        "earningspersharebasic": 0.88,
        "earningspersharediluted": 0.88,
        "weightedaveragenumberofsharesoutstandingbasic": 289900000,
        "weightedaveragenumberofdilutedsharesoutstanding": 291000000,
        "commonstockdividendspersharedeclared": 0.3375
    },
    {
        "date": "2018-09-28",
        "symbol": "TPR",
        "period": "Q1",
        "netincomeloss": 122300000,
        "othercomprehensiveincomeunrealizedgainlossonderivativesarisingduringperiodnetoftax": 4500000,
        "othercomprehensiveincomeforeigncurrencytransactionandtranslationgainlossarisingduringperiodnetoftax": -9800000,
        "othercomprehensiveincomelossnetoftax": -5300000,
        "comprehensiveincomenetoftax": 117000000,
        "revenues": -2200000,
        "costofrevenue": 100000,
        "grossprofit": -2300000,
        "sellinggeneralandadministrativeexpense": -800000,
        "operatingincomeloss": -1500000,
        "interestincomeexpensenet": -13100000,
        "incomelossfromcontinuingoperationsbeforeincometaxesminorityinterestandincomelossfromequitymethodinvestments": 144600000,
        "incometaxexpensebenefit": 22300000,
        "earningspersharebasic": 0.42,
        "earningspersharediluted": 0.42,
        "weightedaveragenumberofsharesoutstandingbasic": 288800000,
        "weightedaveragenumberofdilutedsharesoutstanding": 292000000,
        "commonstockdividendspersharedeclared": 0.3375
    },
    {
        "date": "2018-06-29",
        "symbol": "TPR",
        "period": "Q4",
        "netincomeloss": 211700000,
        "othercomprehensiveincomeunrealizedgainlossonderivativesarisingduringperiodnetoftax": 5200000,
        "othercomprehensiveincomeunrealizedholdinggainlossonsecuritiesarisingduringperiodnetoftax": 0,
        "othercomprehensiveincomeforeigncurrencytransactionandtranslationgainlossarisingduringperiodnetoftax": -43100000,
        "othercomprehensiveincomelossnetoftax": -36400000,
        "comprehensiveincomenetoftax": 175300000,
        "costofrevenue": 480500000,
        "grossprofit": -671800000,
        "sellinggeneralandadministrativeexpense": 816000000,
        "operatingincomeloss": 9500000,
        "interestincomeexpensenet": -14400000,
        "incomelossfromcontinuingoperationsbeforeincometaxesminorityinterestandincomelossfromequitymethodinvestments": 30000000,
        "incometaxexpensebenefit": -38900000,
        "earningspersharebasic": 0.74,
        "earningspersharediluted": 0.74,
        "weightedaveragenumberofsharesoutstandingbasic": -568500000,
        "weightedaveragenumberofdilutedsharesoutstanding": -574600000,
        "commonstockdividendspersharedeclared": 0.33750000000000013
    },
    {
        "date": "2018-03-30",
        "symbol": "TPR",
        "period": "Q3",
        "netincomeloss": 140300000,
        "othercomprehensiveincomeunrealizedgainlossonderivativesarisingduringperiodnetoftax": -2700000,
        "othercomprehensiveincomeunrealizedholdinggainlossonsecuritiesarisingduringperiodnetoftax": -100000,
        "othercomprehensiveincomeforeigncurrencytransactionandtranslationgainlossarisingduringperiodnetoftax": 28700000,
        "othercomprehensiveincomelossnetoftax": 25900000,
        "comprehensiveincomenetoftax": 166200000,
        "salesrevenuenet": 83800000,
        "costofrevenue": 413500000,
        "grossprofit": 45300000,
        "sellinggeneralandadministrativeexpense": 749900000,
        "operatingincomeloss": -11600000,
        "interestincomeexpensenet": -16900000,
        "incomelossfromcontinuingoperationsbeforeincometaxesminorityinterestandincomelossfromequitymethodinvestments": -11600000,
        "incometaxexpensebenefit": 1800000,
        "earningspersharebasic": 0.49,
        "earningspersharediluted": 0.48,
        "weightedaveragenumberofsharesoutstandingbasic": 286200000,
        "weightedaveragenumberofdilutedsharesoutstanding": 290100000,
        "commonstockdividendspersharedeclared": 0.3375
    },
    {
        "date": "2017-12-29",
        "symbol": "TPR",
        "period": "Q2",
        "netincomeloss": 63200000,
        "othercomprehensiveincomeunrealizedgainlossonderivativesarisingduringperiodnetoftax": -1000000,
        "othercomprehensiveincomeunrealizedholdinggainlossonsecuritiesarisingduringperiodnetoftax": 300000,
        "othercomprehensiveincomeforeigncurrencytransactionandtranslationgainlossarisingduringperiodnetoftax": 9700000,
        "othercomprehensiveincomelossnetoftax": 9000000,
        "comprehensiveincomenetoftax": 72200000,
        "salesrevenuenet": 120700000,
        "costofrevenue": 607600000,
        "grossprofit": 73400000,
        "sellinggeneralandadministrativeexpense": 831000000,
        "operatingincomeloss": 21300000,
        "interestincomeexpensenet": -22200000,
        "incomelossfromcontinuingoperationsbeforeincometaxesminorityinterestandincomelossfromequitymethodinvestments": 21300000,
        "incometaxexpensebenefit": 261000000,
        "earningspersharebasic": 0.22,
        "earningspersharediluted": 0.22,
        "weightedaveragenumberofsharesoutstandingbasic": 284500000,
        "weightedaveragenumberofdilutedsharesoutstanding": 286400000,
        "commonstockdividendspersharedeclared": 0.3375
    },
    {
        "date": "2017-09-29",
        "symbol": "TPR",
        "period": "Q1",
        "netincomeloss": -17700000,
        "othercomprehensiveincomeunrealizedgainlossonderivativesarisingduringperiodnetoftax": -3100000,
        "othercomprehensiveincomeunrealizedholdinggainlossonsecuritiesarisingduringperiodnetoftax": 200000,
        "othercomprehensiveincomeforeigncurrencytransactionandtranslationgainlossarisingduringperiodnetoftax": 8500000,
        "othercomprehensiveincomelossnetoftax": 5600000,
        "comprehensiveincomenetoftax": -12100000,
        "salesrevenuenet": 1288900000,
        "costofrevenue": 524500000,
        "grossprofit": 764400000,
        "sellinggeneralandadministrativeexpense": 786200000,
        "operatingincomeloss": -21800000,
        "interestincomeexpensenet": -20500000,
        "incomelossfromcontinuingoperationsbeforeincometaxesminorityinterestandincomelossfromequitymethodinvestments": -42300000,
        "incometaxexpensebenefit": -24600000,
        "earningspersharebasic": -0.06,
        "earningspersharediluted": -0.06,
        "weightedaveragenumberofsharesoutstandingbasic": 283200000,
        "weightedaveragenumberofdilutedsharesoutstanding": 286700000,
        "commonstockdividendspersharedeclared": 0.3375
    },
    {
        "date": "2017-06-30",
        "symbol": "TPR",
        "period": "Q4",
        "netincomeloss": 151700000,
        "othercomprehensiveincomeunrealizedgainlossonderivativesarisingduringperiodnetoftax": 300000,
        "othercomprehensiveincomeunrealizedholdinggainlossonsecuritiesarisingduringperiodnetoftax": 100000,
        "othercomprehensiveincomeforeigncurrencytransactionandtranslationgainlossarisingduringperiodnetoftax": 5400000,
        "othercomprehensiveincomelossnetoftax": 9300000,
        "comprehensiveincomenetoftax": 158600000,
        "salesrevenuenet": 2146800000,
        "costofrevenue": 379300000,
        "grossprofit": 49400000,
        "sellinggeneralandadministrativeexpense": 561500000,
        "operatingincomeloss": -1600000,
        "interestincomeexpensenet": -13600000,
        "incomelossfromcontinuingoperationsbeforeincometaxesminorityinterestandincomelossfromequitymethodinvestments": -1600000,
        "incometaxexpensebenefit": 27700000,
        "earningspersharebasic": 0.54,
        "earningspersharediluted": 0.53,
        "weightedaveragenumberofsharesoutstandingbasic": -560200000,
        "weightedaveragenumberofdilutedsharesoutstanding": -563800000,
        "commonstockdividendspersharedeclared": 0.33750000000000013
    },
    {
        "date": "2017-03-31",
        "symbol": "TPR",
        "period": "Q3",
        "netincomeloss": 122200000,
        "othercomprehensiveincomeunrealizedgainlossonderivativesarisingduringperiodnetoftax": -700000,
        "othercomprehensiveincomeunrealizedholdinggainlossonsecuritiesarisingduringperiodnetoftax": 200000,
        "othercomprehensiveincomeforeigncurrencytransactionandtranslationgainlossarisingduringperiodnetoftax": 22400000,
        "othercomprehensiveincomelossnetoftax": 21900000,
        "comprehensiveincomenetoftax": 144100000,
        "salesrevenuenet": 79900000,
        "costofrevenue": 289500000,
        "grossprofit": 49600000,
        "sellinggeneralandadministrativeexpense": 554600000,
        "operatingincomeloss": 3800000,
        "interestincomeexpensenet": -4000000,
        "incomelossfromcontinuingoperationsbeforeincometaxesminorityinterestandincomelossfromequitymethodinvestments": 3800000,
        "incometaxexpensebenefit": 24900000,
        "earningspersharebasic": 0.44,
        "earningspersharediluted": 0.43,
        "weightedaveragenumberofsharesoutstandingbasic": 280800000,
        "weightedaveragenumberofdilutedsharesoutstanding": 282900000,
        "commonstockdividendspersharedeclared": 0.3375
    },
    {
        "date": "2016-12-30",
        "symbol": "TPR",
        "period": "Q2",
        "netincomeloss": 199700000,
        "othercomprehensiveincomeunrealizedgainlossonderivativesarisingduringperiodnetoftax": 9300000,
        "othercomprehensiveincomeunrealizedholdinggainlossonsecuritiesarisingduringperiodnetoftax": -500000,
        "othercomprehensiveincomeforeigncurrencytransactionandtranslationgainlossarisingduringperiodnetoftax": -56900000,
        "othercomprehensiveincomelossnetoftax": -48100000,
        "comprehensiveincomenetoftax": 151600000,
        "salesrevenuenet": 118300000,
        "costofrevenue": 415500000,
        "grossprofit": 76000000,
        "sellinggeneralandadministrativeexpense": 628800000,
        "operatingincomeloss": 13300000,
        "interestincomeexpensenet": -5100000,
        "incomelossfromcontinuingoperationsbeforeincometaxesminorityinterestandincomelossfromequitymethodinvestments": 13300000,
        "incometaxexpensebenefit": 72600000,
        "earningspersharebasic": 0.71,
        "earningspersharediluted": 0.71,
        "weightedaveragenumberofsharesoutstandingbasic": 280500000,
        "weightedaveragenumberofdilutedsharesoutstanding": 281800000,
        "commonstockdividendspersharedeclared": 0.3375
    },
    {
        "date": "2016-09-30",
        "symbol": "TPR",
        "period": "Q1",
        "netincomeloss": 117400000,
        "othercomprehensiveincomeunrealizedgainlossonderivativesarisingduringperiodnetoftax": 2900000,
        "othercomprehensiveincomeunrealizedholdinggainlossonsecuritiesarisingduringperiodnetoftax": -500000,
        "othercomprehensiveincomeforeigncurrencytransactionandtranslationgainlossarisingduringperiodnetoftax": 2900000,
        "othercomprehensiveincomelossnetoftax": 2900000,
        "comprehensiveincomenetoftax": 122700000,
        "salesrevenuenet": 87500000,
        "costofrevenue": 322900000,
        "grossprofit": 51100000,
        "sellinggeneralandadministrativeexpense": 548800000,
        "operatingincomeloss": 5100000,
        "interestincomeexpensenet": -5700000,
        "incomelossfromcontinuingoperationsbeforeincometaxesminorityinterestandincomelossfromequitymethodinvestments": 5100000,
        "incometaxexpensebenefit": 42800000,
        "earningspersharebasic": 0.42,
        "earningspersharediluted": 0.42,
        "weightedaveragenumberofsharesoutstandingbasic": 279500000,
        "weightedaveragenumberofdilutedsharesoutstanding": 281900000,
        "commonstockdividendspersharedeclared": 0.3375
    },
    {
        "date": "2016-07-01",
        "symbol": "TPR",
        "period": "Q4",
        "netincomeloss": 81500000,
        "othercomprehensiveincomeunrealizedgainlossonderivativesarisingduringperiodnetoftax": -5000000,
        "othercomprehensiveincomeunrealizedholdinggainlossonsecuritiesarisingduringperiodnetoftax": 1300000,
        "othercomprehensiveincomeforeigncurrencytransactionandtranslationgainlossarisingduringperiodnetoftax": 23500000,
        "othercomprehensiveincomelossnetoftax": 29400000,
        "comprehensiveincomenetoftax": 100700000,
        "salesrevenuenet": 2371500000,
        "costofrevenue": 371900000,
        "grossprofit": 137300000,
        "sellinggeneralandadministrativeexpense": 665900000,
        "operatingincomeloss": 14400000,
        "interestincomeexpensenet": -7400000,
        "incomelossfromcontinuingoperationsbeforeincometaxesminorityinterestandincomelossfromequitymethodinvestments": 14400000,
        "incometaxexpensebenefit": 27900000,
        "earningspersharebasic": 0.2999999999999998,
        "earningspersharediluted": 0.29000000000000004,
        "weightedaveragenumberofsharesoutstandingbasic": -554900000,
        "weightedaveragenumberofdilutedsharesoutstanding": -556900000,
        "commonstockdividendspersharedeclared": 0.33750000000000013
    },
    {
        "date": "2016-03-25",
        "symbol": "TPR",
        "period": "Q3",
        "netincomeloss": 112500000,
        "othercomprehensiveincomeunrealizedgainlossonderivativesarisingduringperiodnetoftax": -4500000,
        "othercomprehensiveincomeunrealizedholdinggainlossonsecuritiesarisingduringperiodnetoftax": 400000,
        "othercomprehensiveincomeforeigncurrencytransactionandtranslationgainlossarisingduringperiodnetoftax": 20300000,
        "othercomprehensiveincomelossnetoftax": 16200000,
        "comprehensiveincomenetoftax": 128700000,
        "salesrevenuenet": 6800000,
        "costofrevenue": 320100000,
        "grossprofit": 5800000,
        "sellinggeneralandadministrativeexpense": 578700000,
        "operatingincomeloss": 4000000,
        "interestincomeexpensenet": -6500000,
        "incomelossfromcontinuingoperationsbeforeincometaxesminorityinterestandincomelossfromequitymethodinvestments": 4000000,
        "incometaxexpensebenefit": 15300000,
        "earningspersharebasic": 0.4,
        "earningspersharediluted": 0.4,
        "weightedaveragenumberofsharesoutstandingbasic": 277800000,
        "weightedaveragenumberofdilutedsharesoutstanding": 279500000,
        "commonstockdividendspersharedeclared": 0.3375
    },
    {
        "date": "2015-12-25",
        "symbol": "TPR",
        "period": "Q2",
        "netincomeloss": 170100000,
        "othercomprehensiveincomeunrealizedgainlossonderivativesarisingduringperiodnetoftax": -400000,
        "othercomprehensiveincomeunrealizedholdinggainlossonsecuritiesarisingduringperiodnetoftax": -1400000,
        "othercomprehensiveincomeforeigncurrencytransactionandtranslationgainlossarisingduringperiodnetoftax": -3400000,
        "othercomprehensiveincomelossnetoftax": -5200000,
        "comprehensiveincomenetoftax": 164900000,
        "salesrevenuenet": 11500000,
        "costofrevenue": 414700000,
        "grossprofit": 9600000,
        "sellinggeneralandadministrativeexpense": 598100000,
        "operatingincomeloss": 6400000,
        "interestincomeexpensenet": -6300000,
        "incomelossfromcontinuingoperationsbeforeincometaxesminorityinterestandincomelossfromequitymethodinvestments": 6400000,
        "incometaxexpensebenefit": 84600000,
        "earningspersharebasic": 0.61,
        "earningspersharediluted": 0.61,
        "weightedaveragenumberofsharesoutstandingbasic": 277600000,
        "weightedaveragenumberofdilutedsharesoutstanding": 278400000,
        "commonstockdividendspersharedeclared": 0.3375
    },
    {
        "date": "2015-09-25",
        "symbol": "TPR",
        "period": "Q1",
        "netincomeloss": 96400000,
        "othercomprehensiveincomeunrealizedgainlossonderivativesarisingduringperiodnetoftax": -3300000,
        "othercomprehensiveincomeunrealizedholdinggainlossonsecuritiesarisingduringperiodnetoftax": -500000,
        "othercomprehensiveincomeforeigncurrencytransactionandtranslationgainlossarisingduringperiodnetoftax": -21600000,
        "othercomprehensiveincomelossnetoftax": -21600000,
        "comprehensiveincomenetoftax": 71000000,
        "salesrevenuenet": 87500000,
        "costofrevenue": 333800000,
        "grossprofit": 49700000,
        "sellinggeneralandadministrativeexpense": 555100000,
        "operatingincomeloss": 7700000,
        "interestincomeexpensenet": -6700000,
        "incomelossfromcontinuingoperationsbeforeincometaxesminorityinterestandincomelossfromequitymethodinvestments": 7700000,
        "incometaxexpensebenefit": 38300000,
        "earningspersharebasic": 0.35,
        "earningspersharediluted": 0.35,
        "weightedaveragenumberofsharesoutstandingbasic": 277100000,
        "weightedaveragenumberofdilutedsharesoutstanding": 278300000,
        "commonstockdividendspersharedeclared": 0.3375
    },
    {
        "date": "2015-06-26",
        "symbol": "TPR",
        "period": "Q4",
        "netincomeloss": 11700000,
        "othercomprehensiveincomeunrealizedgainlossonderivativesarisingduringperiodnetoftax": -1400000,
        "othercomprehensiveincomeunrealizedholdinggainlossonsecuritiesarisingduringperiodnetoftax": -200000,
        "othercomprehensiveincomeforeigncurrencytransactionandtranslationgainlossarisingduringperiodnetoftax": -2800000,
        "othercomprehensiveincomelossnetoftax": -3600000,
        "comprehensiveincomenetoftax": 8300000,
        "salesrevenuenet": 714000000,
        "costofrevenue": 316400000,
        "grossprofit": -1053400000,
        "sellinggeneralandadministrativeexpense": 648900000,
        "operatingincomeloss": -626600000,
        "interestincomeexpensenet": -6300000,
        "incomelossfromcontinuingoperationsbeforeincometaxesminorityinterestandincomelossfromequitymethodinvestments": -523100000,
        "incometaxexpensebenefit": 82600000,
        "earningspersharebasic": 0.03999999999999987,
        "earningspersharediluted": 0.03999999999999987,
        "weightedaveragenumberofsharesoutstandingbasic": -550800000,
        "weightedaveragenumberofdilutedsharesoutstanding": -553100000,
        "commonstockdividendspersharedeclared": 0.33750000000000013
    },
    {
        "date": "2015-03-27",
        "symbol": "TPR",
        "period": "Q3",
        "netincomeloss": 88100000,
        "othercomprehensiveincomeunrealizedgainlossonderivativesarisingduringperiodnetoftax": -2400000,
        "othercomprehensiveincomeunrealizedholdinggainlossonsecuritiesarisingduringperiodnetoftax": 500000,
        "othercomprehensiveincomeforeigncurrencytransactionandtranslationgainlossarisingduringperiodnetoftax": -2100000,
        "othercomprehensiveincomelossnetoftax": -4000000,
        "comprehensiveincomenetoftax": 84100000,
        "salesrevenuenet": 493200000,
        "costofrevenue": 263800000,
        "grossprofit": 313900000,
        "sellinggeneralandadministrativeexpense": 541500000,
        "operatingincomeloss": 134300000,
        "interestincomeexpensenet": -1200000,
        "incomelossfromcontinuingoperationsbeforeincometaxesminorityinterestandincomelossfromequitymethodinvestments": 134300000,
        "incometaxexpensebenefit": 34700000,
        "earningspersharebasic": 0.32,
        "earningspersharediluted": 0.32,
        "weightedaveragenumberofsharesoutstandingbasic": 275900000,
        "weightedaveragenumberofdilutedsharesoutstanding": 277400000,
        "commonstockdividendspersharedeclared": 0.3375
    },
    {
        "date": "2014-12-26",
        "symbol": "TPR",
        "period": "Q2",
        "netincomeloss": 183500000,
        "othercomprehensiveincomeunrealizedgainlossonderivativesarisingduringperiodnetoftax": 3800000,
        "othercomprehensiveincomeunrealizedholdinggainlossonsecuritiesarisingduringperiodnetoftax": -1100000,
        "othercomprehensiveincomeforeigncurrencytransactionandtranslationgainlossarisingduringperiodnetoftax": -37400000,
        "othercomprehensiveincomelossnetoftax": -34700000,
        "comprehensiveincomenetoftax": 148800000,
        "salesrevenuenet": 784600000,
        "costofrevenue": 379400000,
        "grossprofit": 502100000,
        "sellinggeneralandadministrativeexpense": 564600000,
        "operatingincomeloss": 296300000,
        "interestincomeexpensenet": 400000,
        "incomelossfromcontinuingoperationsbeforeincometaxesminorityinterestandincomelossfromequitymethodinvestments": 296300000,
        "incometaxexpensebenefit": 92300000,
        "earningspersharebasic": 0.67,
        "earningspersharediluted": 0.66,
        "weightedaveragenumberofsharesoutstandingbasic": 275600000,
        "weightedaveragenumberofdilutedsharesoutstanding": 276500000,
        "commonstockdividendspersharedeclared": 0.3375
    },
    {
        "date": "2014-09-26",
        "symbol": "TPR",
        "period": "Q1",
        "netincomeloss": 119100000,
        "othercomprehensiveincomeunrealizedgainlossonderivativesarisingduringperiodnetoftax": 3800000,
        "othercomprehensiveincomeunrealizedholdinggainlossonsecuritiesarisingduringperiodnetoftax": -500000,
        "othercomprehensiveincomeforeigncurrencytransactionandtranslationgainlossarisingduringperiodnetoftax": -30200000,
        "othercomprehensiveincomelossnetoftax": -30200000,
        "comprehensiveincomenetoftax": 92200000,
        "salesrevenuenet": 381000000,
        "costofrevenue": 323400000,
        "grossprofit": 295400000,
        "sellinggeneralandadministrativeexpense": 535600000,
        "operatingincomeloss": 221500000,
        "interestincomeexpensenet": 700000,
        "incomelossfromcontinuingoperationsbeforeincometaxesminorityinterestandincomelossfromequitymethodinvestments": 118000000,
        "incometaxexpensebenefit": -400000,
        "earningspersharebasic": 0.43,
        "earningspersharediluted": 0.43,
        "weightedaveragenumberofsharesoutstandingbasic": 275000000,
        "weightedaveragenumberofdilutedsharesoutstanding": 276400000,
        "commonstockdividendspersharedeclared": 0.3375
    },
    {
        "date": "2014-06-27",
        "symbol": "TPR",
        "period": "Q4",
        "netincomeloss": 75275000,
        "othercomprehensiveincomeunrealizedgainlossonderivativesarisingduringperiodnetoftax": -2399000,
        "othercomprehensiveincomeunrealizedholdinggainlossonsecuritiesarisingduringperiodnetoftax": 400000,
        "othercomprehensiveincomeforeigncurrencytransactionandtranslationgainlossarisingduringperiodnetoftax": 9438000,
        "othercomprehensiveincomelossnetoftax": 11471000,
        "comprehensiveincomenetoftax": 82819000,
        "salesrevenuenet": 2167323000,
        "costofrevenue": 429844000,
        "grossprofit": 1149181000,
        "sellinggeneralandadministrativeexpense": 606584000,
        "operatingincomeloss": -279663000,
        "interestincomeexpensenet": 535000,
        "incomelossfromcontinuingoperationsbeforeincometaxesminorityinterestandincomelossfromequitymethodinvestments": -945504000,
        "incometaxexpensebenefit": 132470000,
        "earningspersharebasic": 0.28,
        "earningspersharediluted": 0.2799999999999998,
        "weightedaveragenumberofsharesoutstandingbasic": -558835000,
        "weightedaveragenumberofdilutedsharesoutstanding": -564418000,
        "commonstockdividendspersharedeclared": 0.33750000000000013
    },
    {
        "date": "2014-03-28",
        "symbol": "TPR",
        "period": "Q3",
        "salesrevenuenet": 11068000,
        "costofrevenue": 318287000,
        "grossprofit": 7107000,
        "sellinggeneralandadministrativeexpense": 518630000,
        "operatingincomeloss": 5724000,
        "interestincomeexpensenet": -1929000,
        "incomelossfromcontinuingoperationsbeforeincometaxesminorityinterestandincomelossfromequitymethodinvestments": 5724000,
        "incometaxexpensebenefit": 70040000,
        "netincomeloss": 190740000,
        "earningspersharebasic": 0.69,
        "earningspersharediluted": 0.68,
        "weightedaveragenumberofsharesoutstandingbasic": 276107000,
        "weightedaveragenumberofdilutedsharesoutstanding": 278750000,
        "commonstockdividendspersharedeclared": 0.3375,
        "othercomprehensiveincomeunrealizedgainlossonderivativesarisingduringperiodnetoftax": -108000,
        "othercomprehensiveincomeunrealizedholdinggainlossonsecuritiesarisingduringperiodnetoftax": 4464000,
        "othercomprehensiveincomeforeigncurrencytransactionandtranslationgainlossarisingduringperiodnetoftax": 3568000,
        "othercomprehensiveincomelossnetoftax": 7924000,
        "comprehensiveincomenetoftax": 198664000,
        "othercomprehensiveincomeunrealizedgainlossonderivativesarisingduringperiodtax": -1349000
    },
    {
        "date": "2013-12-27",
        "symbol": "TPR",
        "period": "Q2",
        "salesrevenuenet": 11954000,
        "costofrevenue": 436945000,
        "grossprofit": 9832000,
        "sellinggeneralandadministrativeexpense": 546736000,
        "operatingincomeloss": 8461000,
        "interestincomeexpensenet": 1953000,
        "incomelossfromcontinuingoperationsbeforeincometaxesminorityinterestandincomelossfromequitymethodinvestments": 8461000,
        "incometaxexpensebenefit": 140458000,
        "netincomeloss": 297438000,
        "earningspersharebasic": 1.07,
        "earningspersharediluted": 1.06,
        "weightedaveragenumberofsharesoutstandingbasic": 279085000,
        "weightedaveragenumberofdilutedsharesoutstanding": 281534000,
        "commonstockdividendspersharedeclared": 0.3375,
        "othercomprehensiveincomeunrealizedgainlossonderivativesarisingduringperiodnetoftax": 4440000,
        "othercomprehensiveincomeunrealizedholdinggainlossonsecuritiesarisingduringperiodnetoftax": -773000,
        "othercomprehensiveincomeforeigncurrencytransactionandtranslationgainlossarisingduringperiodnetoftax": -21129000,
        "othercomprehensiveincomelossnetoftax": -17462000,
        "comprehensiveincomenetoftax": 279976000,
        "othercomprehensiveincomeunrealizedgainlossonderivativesarisingduringperiodtax": 3678000
    },
    {
        "date": "2013-09-27",
        "symbol": "TPR",
        "period": "Q1",
        "salesrevenuenet": 778254000,
        "costofrevenue": 324187000,
        "grossprofit": 826573000,
        "sellinggeneralandadministrativeexpense": 504939000,
        "operatingincomeloss": 299625000,
        "interestincomeexpensenet": 1622000,
        "othernonoperatingexpense": -6000,
        "incomelossfromcontinuingoperationsbeforeincometaxesminorityinterestandincomelossfromequitymethodinvestments": 299625000,
        "incometaxexpensebenefit": -2049000,
        "netincomeloss": 217883000,
        "earningspersharebasic": 0.77,
        "earningspersharediluted": 0.77,
        "weightedaveragenumberofsharesoutstandingbasic": 281433000,
        "weightedaveragenumberofdilutedsharesoutstanding": 284513000,
        "commonstockdividendspersharedeclared": 0.3375,
        "othercomprehensiveincomeunrealizedgainlossonderivativesarisingduringperiodnetoftax": -5084000,
        "othercomprehensiveincomeunrealizedholdinggainlossonsecuritiesarisingduringperiodnetoftax": 64000,
        "othercomprehensiveincomeforeigncurrencytransactionandtranslationgainlossarisingduringperiodnetoftax": 10501000,
        "othercomprehensiveincomelossnetoftax": -5084000,
        "comprehensiveincomenetoftax": 223364000,
        "othercomprehensiveincomeunrealizedgainlossonderivativesarisingduringperiodtax": 1053000
    },
    {
        "date": "2013-03-29",
        "symbol": "TPR",
        "period": "Q3",
        "salesrevenuenet": 13578000,
        "costofrevenue": 307390000,
        "grossprofit": 880188000,
        "sellinggeneralandadministrativeexpense": 531695000,
        "operatingincomeloss": 8577000,
        "interestincomeexpensenet": 1021000,
        "othernonoperatingexpense": 1764000,
        "incomelossfromcontinuingoperationsbeforeincometaxesminorityinterestandincomelossfromequitymethodinvestments": 8577000,
        "incometaxexpensebenefit": 108818000,
        "netincomeloss": 238932000,
        "earningspersharebasic": 0.85,
        "earningspersharediluted": 0.84,
        "weightedaveragenumberofsharesoutstandingbasic": 280818000,
        "weightedaveragenumberofdilutedsharesoutstanding": 284624000,
        "commonstockdividendspersharedeclared": 0.3,
        "othercomprehensiveincomeunrealizedgainlossonderivativesarisingduringperiodnetoftax": 1005000,
        "othercomprehensiveincomeunrealizedholdinggainlossonsecuritiesarisingduringperiodnetoftax": -149000,
        "othercomprehensiveincomeforeigncurrencytransactionandtranslationgainlossarisingduringperiodnetoftax": -27964000,
        "othercomprehensiveincomelossnetoftax": -27108000,
        "comprehensiveincomenetoftax": 211824000,
        "othercomprehensiveincomeunrealizedgainlossonderivativesarisingduringperiodtax": 468000
    },
    {
        "date": "2012-12-28",
        "symbol": "TPR",
        "period": "Q2",
        "salesrevenuenet": 16527000,
        "costofrevenue": 418392000,
        "grossprofit": 1085382000,
        "sellinggeneralandadministrativeexpense": 558805000,
        "operatingincomeloss": 10058000,
        "interestincomeexpensenet": 266000,
        "othernonoperatingexpense": 1505000,
        "incomelossfromcontinuingoperationsbeforeincometaxesminorityinterestandincomelossfromequitymethodinvestments": 10058000,
        "incometaxexpensebenefit": 172574000,
        "netincomeloss": 352764000,
        "earningspersharebasic": 1.25,
        "earningspersharediluted": 1.23,
        "weightedaveragenumberofsharesoutstandingbasic": 282693000,
        "weightedaveragenumberofdilutedsharesoutstanding": 286223000,
        "commonstockdividendspersharedeclared": 0.3,
        "othercomprehensiveincomeunrealizedgainlossonderivativesarisingduringperiodnetoftax": 11815000,
        "othercomprehensiveincomeunrealizedholdinggainlossonsecuritiesarisingduringperiodnetoftax": -257000,
        "othercomprehensiveincomeforeigncurrencytransactionandtranslationgainlossarisingduringperiodnetoftax": -33008000,
        "othercomprehensiveincomelossnetoftax": -21450000,
        "comprehensiveincomenetoftax": 331314000,
        "othercomprehensiveincomeunrealizedgainlossonderivativesarisingduringperiodtax": 7085000
    },
    {
        "date": "2012-06-29",
        "symbol": "TPR",
        "period": "Q4",
        "salesrevenuenet": 243451000,
        "costofrevenue": 317044000,
        "grossprofit": 838147000,
        "sellinggeneralandadministrativeexpense": 486517000,
        "operatingincomeloss": 58973000,
        "othernonoperatingexpense": 1886000,
        "incomelossfromcontinuingoperationsbeforeincometaxesminorityinterestandincomelossfromequitymethodinvestments": 58973000,
        "incometaxexpensebenefit": 98679000,
        "netincomeloss": 251430000,
        "earningspersharebasic": 0.8800000000000003,
        "earningspersharediluted": 0.8499999999999999,
        "weightedaveragenumberofsharesoutstandingbasic": -578875000,
        "weightedaveragenumberofdilutedsharesoutstanding": -590944000
    },
    {
        "date": "2012-03-30",
        "symbol": "TPR",
        "period": "Q3",
        "salesrevenuenet": 125095000,
        "costofrevenue": 290914000,
        "grossprofit": 818067000,
        "sellinggeneralandadministrativeexpense": 480575000,
        "operatingincomeloss": 67551000,
        "interestincomeexpensenet": 257000,
        "othernonoperatingexpense": 1929000,
        "incomelossfromcontinuingoperationsbeforeincometaxesminorityinterestandincomelossfromequitymethodinvestments": 67551000,
        "incometaxexpensebenefit": 110818000,
        "netincomeloss": 225002000,
        "earningspersharebasic": 0.78,
        "earningspersharediluted": 0.77,
        "weightedaveragenumberofsharesoutstandingbasic": 287569000,
        "weightedaveragenumberofdilutedsharesoutstanding": 293496000
    },
    {
        "date": "2011-12-30",
        "symbol": "TPR",
        "period": "Q2",
        "salesrevenuenet": 165977000,
        "costofrevenue": 403438000,
        "grossprofit": 1045211000,
        "sellinggeneralandadministrativeexpense": 544310000,
        "operatingincomeloss": 94119000,
        "interestincomeexpensenet": -16000,
        "othernonoperatingexpense": 1755000,
        "incomelossfromcontinuingoperationsbeforeincometaxesminorityinterestandincomelossfromequitymethodinvestments": 94119000,
        "incometaxexpensebenefit": 151635000,
        "netincomeloss": 347495000,
        "earningspersharebasic": 1.2,
        "earningspersharediluted": 1.18,
        "weightedaveragenumberofsharesoutstandingbasic": 289812000,
        "weightedaveragenumberofdilutedsharesoutstanding": 295509000
    },
    {
        "date": "2011-09-30",
        "symbol": "TPR",
        "period": "Q1",
        "salesrevenuenet": 140084000,
        "costofrevenue": 285706000,
        "grossprofit": 764653000,
        "sellinggeneralandadministrativeexpense": 442687000,
        "operatingincomeloss": 77950000,
        "investmentincomenet": 114000,
        "othernonoperatingexpense": 1476000,
        "incomelossfromcontinuingoperationsbeforeincometaxesminorityinterestandincomelossfromequitymethodinvestments": 77950000,
        "incometaxexpensebenefit": 105621000,
        "netincomeloss": 214983000,
        "earningspersharebasic": 0.74,
        "earningspersharediluted": 0.73,
        "weightedaveragenumberofsharesoutstandingbasic": 289778000,
        "weightedaveragenumberofdilutedsharesoutstanding": 296068000
    },
    {
        "date": "2011-07-01",
        "symbol": "TPR",
        "period": "Q4",
        "salesrevenuenet": 82092000,
        "costofrevenue": 291136000,
        "grossprofit": 740539000,
        "sellinggeneralandadministrativeexpense": 428447000,
        "operatingincomeloss": 64255000,
        "investmentincomenet": 261000,
        "othernonoperatingexpense": 1668000,
        "incomelossfromcontinuingoperationsbeforeincometaxesminorityinterestandincomelossfromequitymethodinvestments": 64255000,
        "incometaxexpensebenefit": 108204000,
        "netincomeloss": 202481000,
        "earningspersharebasic": 0.7000000000000003,
        "earningspersharediluted": 0.6699999999999998,
        "weightedaveragenumberofsharesoutstandingbasic": -593482000,
        "weightedaveragenumberofdilutedsharesoutstanding": -605966000
    },
    {
        "date": "2011-04-01",
        "symbol": "TPR",
        "period": "Q3",
        "salesrevenuenet": 119128000,
        "costofrevenue": 259051000,
        "grossprofit": 691655000,
        "sellinggeneralandadministrativeexpense": 437818000,
        "operatingincomeloss": 62218000,
        "investmentincomenet": 292000,
        "othernonoperatingexpense": 1134000,
        "incomelossfromcontinuingoperationsbeforeincometaxesminorityinterestandincomelossfromequitymethodinvestments": 62218000,
        "incometaxexpensebenefit": 66980000,
        "netincomeloss": 186015000,
        "earningspersharebasic": 0.63,
        "earningspersharediluted": 0.62,
        "weightedaveragenumberofsharesoutstandingbasic": 294841000,
        "weightedaveragenumberofdilutedsharesoutstanding": 301620000
    },
    {
        "date": "2010-12-31",
        "symbol": "TPR",
        "period": "Q2",
        "salesrevenuenet": 168314000,
        "costofrevenue": 349281000,
        "grossprofit": 915176000,
        "sellinggeneralandadministrativeexpense": 461841000,
        "operatingincomeloss": 93495000,
        "investmentincomenet": 230000,
        "othernonoperatingexpense": 1124000,
        "incomelossfromcontinuingoperationsbeforeincometaxesminorityinterestandincomelossfromequitymethodinvestments": 93495000,
        "incometaxexpensebenefit": 149013000,
        "netincomeloss": 303428000,
        "earningspersharebasic": 1.02,
        "earningspersharediluted": 1,
        "weightedaveragenumberofsharesoutstandingbasic": 297214000,
        "weightedaveragenumberofdilutedsharesoutstanding": 304655000
    },
    {
        "date": "2010-10-01",
        "symbol": "TPR",
        "period": "Q1",
        "salesrevenuenet": 136200000,
        "costofrevenue": 235498000,
        "grossprofit": 676171000,
        "sellinggeneralandadministrativeexpense": 390511000,
        "operatingincomeloss": 76064000,
        "investmentincomenet": 248000,
        "othernonoperatingexpense": 810000,
        "incomelossfromcontinuingoperationsbeforeincometaxesminorityinterestandincomelossfromequitymethodinvestments": 76064000,
        "incometaxexpensebenefit": 96222000,
        "netincomeloss": 188876000,
        "earningspersharebasic": 0.64,
        "earningspersharediluted": 0.63,
        "weightedaveragenumberofsharesoutstandingbasic": 296304000,
        "weightedaveragenumberofdilutedsharesoutstanding": 301249000
    },
    {
        "date": "2010-07-02",
        "symbol": "TPR",
        "period": "Q4",
        "salesrevenuenet": -2304707000,
        "costofrevenue": 253526000,
        "grossprofit": 696999000,
        "sellinggeneralandadministrativeexpense": 400034000,
        "operatingincomeloss": -596569000,
        "incomelossfromcontinuingoperationsbeforeincometaxesminorityinterestandincomelossfromequitymethodinvestments": -596189000,
        "incometaxexpensebenefit": 103575000,
        "earningspersharebasic": 0.6499999999999999,
        "earningspersharediluted": 0.6400000000000001,
        "weightedaveragenumberofsharesoutstandingbasic": -633580000,
        "weightedaveragenumberofdilutedsharesoutstanding": -640608000
    },
    {
        "date": "2010-03-26",
        "symbol": "TPR",
        "period": "Q3",
        "salesrevenuenet": 830669000,
        "costofrevenue": 215094000,
        "grossprofit": 615575000,
        "sellinggeneralandadministrativeexpense": 366453000,
        "operatingincomeloss": 249122000,
        "interestexpenseincomenet": 104000,
        "incomelossfromcontinuingoperationsbeforeincometaxesminorityinterestandincomelossfromequitymethodinvestments": 249226000,
        "incometaxexpensebenefit": 91590000,
        "profitloss": 157636000,
        "earningspersharebasic": 0.51,
        "earningspersharediluted": 0.5,
        "weightedaveragenumberofsharesoutstandingbasic": 309249000,
        "weightedaveragenumberofdilutedsharesoutstanding": 313960000
    },
    {
        "date": "2009-12-25",
        "symbol": "TPR",
        "period": "Q2",
        "salesrevenuenet": 1065005000,
        "costofrevenue": 294066000,
        "grossprofit": 770939000,
        "sellinggeneralandadministrativeexpense": 390102000,
        "operatingincomeloss": 380837000,
        "interestexpenseincomenet": 112000,
        "incomelossfromcontinuingoperationsbeforeincometaxesminorityinterestandincomelossfromequitymethodinvestments": 380949000,
        "incometaxexpensebenefit": 139999000,
        "profitloss": 240950000,
        "earningspersharebasic": 0.76,
        "earningspersharediluted": 0.75,
        "weightedaveragenumberofsharesoutstandingbasic": 317458000,
        "weightedaveragenumberofdilutedsharesoutstanding": 321381000
    },
    {
        "date": "2009-09-25",
        "symbol": "TPR",
        "period": "Q1",
        "salesrevenuenet": 761437000,
        "costofrevenue": 211259000,
        "grossprofit": 550178000,
        "sellinggeneralandadministrativeexpense": 326931000,
        "operatingincomeloss": 223247000,
        "interestexpenseincomenet": -596000,
        "incomelossfromcontinuingoperationsbeforeincometaxesminorityinterestandincomelossfromequitymethodinvestments": 222651000,
        "incometaxexpensebenefit": 81824000,
        "profitloss": 140827000,
        "earningspersharebasic": 0.44,
        "earningspersharediluted": 0.44,
        "weightedaveragenumberofsharesoutstandingbasic": 318286000,
        "weightedaveragenumberofdilutedsharesoutstanding": 321115000
    }
]