[
    {
        "date": "2024-09-29",
        "symbol": "FOX",
        "period": "Q1",
        "revenuefromcontractwithcustomerexcludingassessedtax": 3564000000,
        "operatingcostsandexpenses": 2018000000,
        "sellinggeneralandadministrativeexpense": 502000000,
        "depreciationandamortization": 91000000,
        "otheroperatingincomeexpensenet": -26000000,
        "incomelossfromequitymethodinvestments": 3000000,
        "interestincomeexpensenonoperatingnet": -50000000,
        "othernonoperatingincomeexpense": 233000000,
        "incomelossfromcontinuingoperationsbeforeincometaxesextraordinaryitemsnoncontrollinginterest": 1113000000,
        "incometaxexpensebenefit": 281000000,
        "profitloss": 832000000,
        "netincomelossattributabletononcontrollinginterest": 5000000,
        "netincomelossavailabletocommonstockholdersbasic": 827000000,
        "weightedaveragenumberofsharesoutstandingbasic": 461000000,
        "weightedaveragenumberofdilutedsharesoutstanding": 464000000,
        "earningspersharebasic": 1.79,
        "earningspersharediluted": 1.78,
        "othercomprehensiveincomelossdefinedbenefitplanforeigncurrencytransactionandtranslationandafterreclassificationadjustmentaftertax": 4000000,
        "othercomprehensiveincomelossnetoftax": 4000000,
        "comprehensiveincomenetoftaxincludingportionattributabletononcontrollinginterest": 836000000,
        "comprehensiveincomenetoftax": 831000000,
        "netincomelossattributabletoredeemablenoncontrollinginterest": 2000000
    },
    {
        "date": "2023-12-30",
        "symbol": "FOX",
        "period": "Q2",
        "revenuefromcontractwithcustomerexcludingassessedtax": 4234000000,
        "operatingcostsandexpenses": 3393000000,
        "sellinggeneralandadministrativeexpense": 495000000,
        "depreciationandamortization": 97000000,
        "interestincomeexpensenet": -72000000,
        "othernonoperatingincomeexpense": -46000000,
        "incomelossfromcontinuingoperationsbeforeincometaxesextraordinaryitemsnoncontrollinginterest": 131000000,
        "incometaxexpensebenefit": 16000000,
        "profitloss": 115000000,
        "netincomelossattributabletononcontrollinginterest": 6000000,
        "netincomelossavailabletocommonstockholdersbasic": 109000000,
        "weightedaveragenumberofsharesoutstandingbasic": 481000000,
        "weightedaveragenumberofdilutedsharesoutstanding": 482000000,
        "earningspersharebasic": 0.23,
        "earningspersharediluted": 0.23,
        "othercomprehensiveincomelossdefinedbenefitplanforeigncurrencytransactionandtranslationandafterreclassificationadjustmentaftertax": 5000000,
        "othercomprehensiveincomelossnetoftax": 5000000,
        "comprehensiveincomenetoftaxincludingportionattributabletononcontrollinginterest": 120000000,
        "comprehensiveincomenetoftax": 114000000,
        "netincomelossattributabletoredeemablenoncontrollinginterest": 4000000
    },
    {
        "date": "2023-09-29",
        "symbol": "FOX",
        "period": "Q1",
        "revenuefromcontractwithcustomerexcludingassessedtax": 3207000000,
        "operatingcostsandexpenses": 1862000000,
        "sellinggeneralandadministrativeexpense": 480000000,
        "depreciationandamortization": 96000000,
        "interestincomeexpensenet": -42000000,
        "othernonoperatingincomeexpense": -166000000,
        "incomelossfromcontinuingoperationsbeforeincometaxesextraordinaryitemsnoncontrollinginterest": 561000000,
        "incometaxexpensebenefit": 146000000,
        "profitloss": 415000000,
        "netincomelossattributabletononcontrollinginterest": 8000000,
        "netincomelossavailabletocommonstockholdersbasic": 407000000,
        "weightedaveragenumberofsharesoutstandingbasic": 492000000,
        "weightedaveragenumberofdilutedsharesoutstanding": 494000000,
        "earningspersharebasic": 0.83,
        "earningspersharediluted": 0.82,
        "othercomprehensiveincomelossdefinedbenefitplanforeigncurrencytransactionandtranslationandafterreclassificationadjustmentaftertax": -2000000,
        "othercomprehensiveincomelossnetoftax": -2000000,
        "comprehensiveincomenetoftaxincludingportionattributabletononcontrollinginterest": 413000000,
        "comprehensiveincomenetoftax": 405000000
    },
    {
        "date": "2020-03-30",
        "symbol": "FOX",
        "period": "Q3",
        "revenues": 3440000000,
        "operatingcostsandexpenses": 2061000000,
        "sellinggeneralandadministrativeexpense": 464000000,
        "depreciationandamortization": 57000000,
        "interestexpense": 89000000,
        "investmentincomeinterest": 8000000,
        "othernonoperatingincomeexpense": -632000000,
        "incomelossfromcontinuingoperationsbeforeincometaxesextraordinaryitemsnoncontrollinginterest": 145000000,
        "incometaxexpensebenefit": 55000000,
        "profitloss": 90000000,
        "netincomelossattributabletononcontrollinginterest": 12000000,
        "netincomelossavailabletocommonstockholdersbasic": 78000000,
        "weightedaveragenumberofsharesoutstandingbasic": -4000000,
        "weightedaveragenumberofdilutedsharesoutstanding": -3000000,
        "othercomprehensiveincomelosspensionandotherpostretirementbenefitplansadjustmentnetoftax": -5000000,
        "othercomprehensiveincomelossnetoftax": 5000000,
        "comprehensiveincomenetoftaxincludingportionattributabletononcontrollinginterest": 95000000,
        "comprehensiveincomenetoftax": 83000000,
        "netincomelossattributabletoredeemablenoncontrollinginterest": 4000000
    },
    {
        "date": "2019-12-30",
        "symbol": "FOX",
        "period": "Q2",
        "revenues": 6331000000,
        "operatingcostsandexpenses": 3091000000,
        "sellinggeneralandadministrativeexpense": 431000000,
        "depreciationandamortization": 85000000,
        "restructuringsettlementandimpairmentprovisions": 0,
        "interestexpense": 90000000,
        "investmentincomeinterest": 8000000,
        "othernonoperatingincomeexpense": 302000000,
        "incomelossfromcontinuingoperationsbeforeincometaxesextraordinaryitemsnoncontrollinginterest": 419000000,
        "incometaxexpensebenefit": 105000000,
        "profitloss": 314000000,
        "netincomelossattributabletononcontrollinginterest": 14000000,
        "netincomelossavailabletocommonstockholdersbasic": 300000000,
        "weightedaveragenumberofsharesoutstandingbasic": -3000000,
        "weightedaveragenumberofdilutedsharesoutstanding": -2000000,
        "othercomprehensiveincomelosspensionandotherpostretirementbenefitplansadjustmentnetoftax": -8000000,
        "othercomprehensiveincomelossnetoftax": 8000000,
        "comprehensiveincomenetoftaxincludingportionattributabletononcontrollinginterest": 322000000,
        "comprehensiveincomenetoftax": 308000000,
        "netincomelossattributabletoredeemablenoncontrollinginterest": 3000000
    },
    {
        "date": "2019-09-29",
        "symbol": "FOX",
        "period": "Q1",
        "revenues": 114000000,
        "operatingcostsandexpenses": 1468000000,
        "sellinggeneralandadministrativeexpense": 352000000,
        "depreciationandamortization": 22000000,
        "restructuringsettlementandimpairmentprovisions": 9000000,
        "interestexpense": 90000000,
        "investmentincomeinterest": 17000000,
        "othernonoperatingincomeexpense": -15000000,
        "incomelossfromcontinuingoperationsbeforeincometaxesextraordinaryitemsnoncontrollinginterest": 700000000,
        "incometaxexpensebenefit": 187000000,
        "profitloss": 513000000,
        "netincomelossattributabletononcontrollinginterest": 14000000,
        "netincomelossavailabletocommonstockholdersbasic": 499000000,
        "weightedaveragenumberofsharesoutstandingbasic": 622000000,
        "weightedaveragenumberofdilutedsharesoutstanding": 624000000,
        "earningspersharebasicanddiluted": 0.8,
        "othercomprehensiveincomelosspensionandotherpostretirementbenefitplansadjustmentnetoftax": -4000000,
        "othercomprehensiveincomelossnetoftax": 4000000,
        "comprehensiveincomenetoftaxincludingportionattributabletononcontrollinginterest": 517000000,
        "comprehensiveincomenetoftax": 503000000,
        "netincomelossattributabletoredeemablenoncontrollinginterest": 9000000
    },
    {
        "date": "2019-03-30",
        "symbol": "FOX",
        "period": "Q3",
        "revenues": 106000000,
        "operatingcostsandexpenses": 1660000000,
        "sellinggeneralandadministrativeexpense": 336000000,
        "depreciationandamortization": 18000000,
        "restructuringsettlementandimpairmentprovisions": 14000000,
        "interestexpense": 81000000,
        "investmentincomeinterest": 19000000,
        "othernonoperatingincomeexpense": 84000000,
        "incomelossfromcontinuingoperationsbeforeincometaxesextraordinaryitemsnoncontrollinginterest": 706000000,
        "incometaxexpensebenefit": 167000000,
        "profitloss": 539000000,
        "netincomelossattributabletononcontrollinginterest": 10000000,
        "netincomelossavailabletocommonstockholdersbasic": 529000000,
        "weightedaveragenumberofsharesoutstandingbasic": 621000000,
        "weightedaveragenumberofdilutedsharesoutstanding": 621000000,
        "earningspersharebasicanddiluted": 0.85,
        "othercomprehensiveincomelosspensionandotherpostretirementbenefitplansadjustmentnetoftax": -2000000,
        "othercomprehensiveincomelossnetoftax": 2000000,
        "comprehensiveincomenetoftaxincludingportionattributabletononcontrollinginterest": 541000000,
        "comprehensiveincomenetoftax": 531000000,
        "netincomelossattributabletoredeemablenoncontrollinginterest": 6000000
    },
    {
        "date": "2018-12-30",
        "symbol": "FOX",
        "period": "Q2",
        "revenues": 515000000,
        "operatingcostsandexpenses": 2818000000,
        "sellinggeneralandadministrativeexpense": 329000000,
        "depreciationandamortization": 13000000,
        "interestexpense": 15000000,
        "othernonoperatingincomeexpense": -339000000,
        "incomelossfromcontinuingoperationsbeforeincometaxesextraordinaryitemsnoncontrollinginterest": 31000000,
        "incometaxexpensebenefit": 7000000,
        "profitloss": 24000000,
        "netincomelossattributabletononcontrollinginterest": 16000000,
        "netincomelossavailabletocommonstockholdersbasic": 8000000,
        "othercomprehensiveincomelosspensionandotherpostretirementbenefitplansadjustmentnetoftax": -2000000,
        "othercomprehensiveincomelossnetoftax": 2000000,
        "comprehensiveincomenetoftaxincludingportionattributabletononcontrollinginterest": 26000000,
        "comprehensiveincomenetoftax": 10000000,
        "netincomelossattributabletoredeemablenoncontrollinginterest": 10000000
    }
]