[
    {
        "date": "2024-09-29",
        "symbol": "PHM",
        "period": "Q3",
        "revenuefromcontractwithcustomerexcludingassessedtax": -7949906000,
        "revenues": 4476341000,
        "costofgoodsandservicessold": 3192470000,
        "othercostofoperatingrevenue": 58903000,
        "sellinggeneralandadministrativeexpense": 406898000,
        "incomelossfromequitymethodinvestments": 2508000,
        "gainslossesonextinguishmentofdebt": 0,
        "nonoperatingincomeexpense": 9702000,
        "incomelossfromcontinuingoperationsbeforeincometaxesdomestic": 906196000,
        "incometaxexpensebenefit": 208282000,
        "netincomeloss": 697914000,
        "earningspersharebasic": 3.37,
        "earningspersharediluted": 3.349999999999999,
        "commonstockdividendspersharedeclared": 0.19999999999999996,
        "weightedaveragenumberofsharesoutstandingbasic": 209374000,
        "incrementalcommonsharesattributabletosharebasedpaymentarrangements": -1680000,
        "weightedaveragenumberofdilutedsharesoutstanding": 211057000
    },
    {
        "date": "2024-06-29",
        "symbol": "PHM",
        "period": "Q2",
        "revenuefromcontractwithcustomerexcludingassessedtax": 4448168000,
        "revenues": 4599655000,
        "costofgoodsandservicessold": 3117482000,
        "othercostofoperatingrevenue": 49334000,
        "sellinggeneralandadministrativeexpense": 361145000,
        "incomelossfromequitymethodinvestments": 2167000,
        "gainslossesonextinguishmentofdebt": -158000,
        "nonoperatingincomeexpense": 13324000,
        "incomelossfromcontinuingoperationsbeforeincometaxesdomestic": 1048312000,
        "incometaxexpensebenefit": 239179000,
        "netincomeloss": 809133000,
        "earningspersharebasic": 3.86,
        "earningspersharediluted": 3.83,
        "commonstockdividendspersharedeclared": 0.2,
        "weightedaveragenumberofsharesoutstandingbasic": 209547000,
        "incrementalcommonsharesattributabletosharebasedpaymentarrangements": 1654000,
        "weightedaveragenumberofdilutedsharesoutstanding": 211201000
    },
    {
        "date": "2024-03-30",
        "symbol": "PHM",
        "period": "Q1",
        "revenuefromcontractwithcustomerexcludingassessedtax": 3819586000,
        "revenues": 3949160000,
        "costofgoodsandservicessold": 2689087000,
        "othercostofoperatingrevenue": 51378000,
        "sellinggeneralandadministrativeexpense": 357594000,
        "incomelossfromequitymethodinvestments": 37902000,
        "gainslossesonextinguishmentofdebt": -64000,
        "nonoperatingincomeexpense": 16683000,
        "incomelossfromcontinuingoperationsbeforeincometaxesdomestic": 868643000,
        "incometaxexpensebenefit": 205667000,
        "netincomeloss": 662976000,
        "earningspersharebasic": 3.13,
        "earningspersharediluted": 3.1,
        "commonstockdividendspersharedeclared": 0.2,
        "weightedaveragenumberofsharesoutstandingbasic": 211837000,
        "incrementalcommonsharesattributabletosharebasedpaymentarrangements": 1709000,
        "weightedaveragenumberofdilutedsharesoutstanding": 213546000
    },
    {
        "date": "2023-12-30",
        "symbol": "PHM",
        "period": "Q4",
        "revenuefromcontractwithcustomerexcludingassessedtax": 4165232000,
        "costofgoodsandservicessold": 2961920000,
        "othercostofoperatingrevenue": 50035000,
        "sellinggeneralandadministrativeexpense": 308320000,
        "incomelossfromequitymethodinvestments": 213000,
        "nonoperatingincomeexpense": 5067000,
        "incomelossfromcontinuingoperationsbeforeincometaxesdomestic": 946818000,
        "incometaxexpensebenefit": 235825000,
        "netincomeloss": 710993000,
        "earningspersharebasic": 3.2899999999999987,
        "earningspersharediluted": 3.2600000000000002,
        "commonstockdividendspersharedeclared": 0.19999999999999998,
        "weightedaveragenumberofsharesoutstandingbasic": 219958000,
        "incrementalcommonsharesattributabletosharebasedpaymentarrangements": -2251000,
        "weightedaveragenumberofdilutedsharesoutstanding": 221163000,
        "comprehensiveincomenetoftax": 710993000
    },
    {
        "date": "2023-09-29",
        "symbol": "PHM",
        "period": "Q3",
        "revenuefromcontractwithcustomerexcludingassessedtax": 3886908000,
        "revenues": 4003533000,
        "costofgoodsandservicessold": 2739596000,
        "othercostofoperatingrevenue": 46431000,
        "sellinggeneralandadministrativeexpense": 353167000,
        "incomelossfromequitymethodinvestments": 891000,
        "gainslossesonextinguishmentofdebt": 362000,
        "nonoperatingincomeexpense": 16729000,
        "incomelossfromcontinuingoperationsbeforeincometaxesdomestic": 847314000,
        "incometaxexpensebenefit": 208539000,
        "netincomeloss": 638775000,
        "earningspersharebasic": 2.92,
        "earningspersharediluted": 2.9,
        "commonstockdividendspersharedeclared": 0.16,
        "weightedaveragenumberofsharesoutstandingbasic": 218288000,
        "incrementalcommonsharesattributabletosharebasedpaymentarrangements": 1394000,
        "weightedaveragenumberofdilutedsharesoutstanding": 219682000,
        "comprehensiveincomenetoftax": 638775000
    },
    {
        "date": "2023-06-29",
        "symbol": "PHM",
        "period": "Q2",
        "revenuefromcontractwithcustomerexcludingassessedtax": 4058930000,
        "revenues": 4188753000,
        "costofgoodsandservicessold": 2856361000,
        "othercostofoperatingrevenue": 46778000,
        "sellinggeneralandadministrativeexpense": 314637000,
        "incomelossfromequitymethodinvestments": 944000,
        "nonoperatingincomeexpense": 13586000,
        "incomelossfromcontinuingoperationsbeforeincometaxesdomestic": 953013000,
        "incometaxexpensebenefit": 232668000,
        "netincomeloss": 720345000,
        "earningspersharebasic": 3.23,
        "earningspersharediluted": 3.21,
        "commonstockdividendspersharedeclared": 0.16,
        "weightedaveragenumberofsharesoutstandingbasic": 222160000,
        "incrementalcommonsharesattributabletosharebasedpaymentarrangements": 1232000,
        "weightedaveragenumberofdilutedsharesoutstanding": 223392000,
        "comprehensiveincomenetoftax": 720345000
    },
    {
        "date": "2023-03-30",
        "symbol": "PHM",
        "period": "Q1",
        "revenuefromcontractwithcustomerexcludingassessedtax": 3487637000,
        "revenues": 3575641000,
        "costofgoodsandservicessold": 2472329000,
        "othercostofoperatingrevenue": 44036000,
        "sellinggeneralandadministrativeexpense": 336518000,
        "incomelossfromequitymethodinvestments": 2513000,
        "nonoperatingincomeexpense": 1818000,
        "incomelossfromcontinuingoperationsbeforeincometaxesdomestic": 702122000,
        "incometaxexpensebenefit": 169863000,
        "netincomeloss": 532259000,
        "earningspersharebasic": 2.35,
        "earningspersharediluted": 2.35,
        "commonstockdividendspersharedeclared": 0.16,
        "weightedaveragenumberofsharesoutstandingbasic": 225127000,
        "incrementalcommonsharesattributabletosharebasedpaymentarrangements": 830000,
        "weightedaveragenumberofdilutedsharesoutstanding": 225957000,
        "comprehensiveincomenetoftax": 532259000
    },
    {
        "date": "2022-12-30",
        "symbol": "PHM",
        "period": "Q4",
        "revenuefromcontractwithcustomerexcludingassessedtax": 5053771000,
        "costofgoodsandservicessold": 3595868000,
        "othercostofoperatingrevenue": 48041000,
        "sellinggeneralandadministrativeexpense": 350831000,
        "nonoperatingincomeexpense": 17112000,
        "incometaxexpensebenefit": 281584000,
        "netincomeloss": 882231000,
        "earningspersharebasic": 3.8100000000000005,
        "earningspersharediluted": 3.789999999999999,
        "commonstockdividendspersharedeclared": 0.15999999999999995,
        "weightedaveragenumberofsharesoutstandingbasic": -2629000,
        "incrementalcommonsharesattributabletosharebasedpaymentarrangements": -84000,
        "weightedaveragenumberofdilutedsharesoutstanding": -2713000,
        "comprehensiveincomenetoftax": 882231000
    },
    {
        "date": "2022-09-29",
        "symbol": "PHM",
        "period": "Q3",
        "revenuefromcontractwithcustomerexcludingassessedtax": 3840450000,
        "revenues": 3943816000,
        "costofgoodsandservicessold": 2685597000,
        "othercostofoperatingrevenue": 45322000,
        "sellinggeneralandadministrativeexpense": 350113000,
        "nonoperatingincomeexpense": -25194000,
        "incometaxexpensebenefit": 183349000,
        "netincomeloss": 627928000,
        "earningspersharebasic": 2.6799999999999997,
        "earningspersharediluted": 2.66,
        "commonstockdividendspersharedeclared": 0.15000000000000005,
        "weightedaveragenumberofsharesoutstandingbasic": -244485000,
        "incrementalcommonsharesattributabletosharebasedpaymentarrangements": -1147000,
        "weightedaveragenumberofdilutedsharesoutstanding": -245632000,
        "othercomprehensiveincomelosscashflowhedgegainlossafterreclassificationandtaxparent": 0,
        "othercomprehensiveincomelossnetoftax": 0,
        "comprehensiveincomenetoftax": 627928000
    },
    {
        "date": "2022-06-29",
        "symbol": "PHM",
        "period": "Q2",
        "revenuefromcontractwithcustomerexcludingassessedtax": 3809601000,
        "revenues": 3926186000,
        "costofgoodsandservicessold": 2631356000,
        "othercostofoperatingrevenue": 43847000,
        "sellinggeneralandadministrativeexpense": 351256000,
        "nonoperatingincomeexpense": -3498000,
        "incomelossfromcontinuingoperationsbeforeincometaxesdomestic": 864573000,
        "incometaxexpensebenefit": 212138000,
        "netincomeloss": 652435000,
        "earningspersharebasic": 2.74,
        "earningspersharediluted": 2.73,
        "commonstockdividendspersharedeclared": 0.15,
        "weightedaveragenumberofsharesoutstandingbasic": 236328000,
        "incrementalcommonsharesattributabletosharebasedpaymentarrangements": 1318000,
        "weightedaveragenumberofdilutedsharesoutstanding": 237646000,
        "othercomprehensiveincomelosscashflowhedgegainlossafterreclassificationandtaxparent": 20000,
        "othercomprehensiveincomelossnetoftax": 20000,
        "comprehensiveincomenetoftax": 652455000
    },
    {
        "date": "2022-03-30",
        "symbol": "PHM",
        "period": "Q1",
        "revenuefromcontractwithcustomerexcludingassessedtax": 3070313000,
        "revenues": 3187615000,
        "costofgoodsandservicessold": 2181074000,
        "othercostofoperatingrevenue": 43486000,
        "sellinggeneralandadministrativeexpense": 329022000,
        "nonoperatingincomeexpense": -2138000,
        "incomelossfromcontinuingoperationsbeforeincometaxesextraordinaryitemsnoncontrollinginterest": 599893000,
        "incometaxexpensebenefit": 145170000,
        "netincomeloss": 454723000,
        "earningspersharebasic": 1.84,
        "earningspersharediluted": 1.83,
        "commonstockdividendspersharedeclared": 0.15,
        "weightedaveragenumberofsharesoutstandingbasic": 245796000,
        "incrementalcommonsharesattributabletosharebasedpaymentarrangements": 1069000,
        "weightedaveragenumberofdilutedsharesoutstanding": 246865000,
        "othercomprehensiveincomelosscashflowhedgegainlossafterreclassificationandtaxparent": 25000,
        "othercomprehensiveincomelossnetoftax": 25000,
        "comprehensiveincomenetoftax": 454748000
    },
    {
        "date": "2021-09-29",
        "symbol": "PHM",
        "period": "Q3",
        "revenuefromcontractwithcustomerexcludingassessedtax": 3324482000,
        "revenues": 3479050000,
        "costofgoodsandservicessold": 2443074000,
        "sellinggeneralandadministrativeexpense": 320505000,
        "nonoperatingincomeexpense": -4752000,
        "incomelossfromcontinuingoperationsbeforeincometaxesdomestic": 620402000,
        "incometaxexpensebenefit": 144853000,
        "netincomeloss": 475549000,
        "earningspersharebasic": 1.82,
        "earningspersharediluted": 1.8199999999999998,
        "commonstockdividendspersharedeclared": 0.13999999999999996,
        "weightedaveragenumberofsharesoutstandingbasic": -1890000,
        "incrementalcommonsharesattributabletosharebasedpaymentarrangements": 41000,
        "weightedaveragenumberofdilutedsharesoutstanding": -1849000,
        "othercomprehensiveincomelossnetoftax": 25000,
        "comprehensiveincomenetoftax": 475574000
    },
    {
        "date": "2021-06-29",
        "symbol": "PHM",
        "period": "Q2",
        "revenuefromcontractwithcustomerexcludingassessedtax": 3235379000,
        "revenues": 3359483000,
        "costofgoodsandservicessold": 2375495000,
        "costofrevenue": 2406690000,
        "sellinggeneralandadministrativeexpense": 272287000,
        "gainslossesonextinguishmentofdebt": 0,
        "nonoperatingincomeexpense": -620000,
        "incomelossfromcontinuingoperationsbeforeincometaxesdomestic": 639474000,
        "incometaxexpensebenefit": 136075000,
        "netincomeloss": 503399000,
        "earningspersharebasic": 1.9000000000000001,
        "earningspersharediluted": 1.9,
        "commonstockdividendspersharedeclared": 0.14,
        "weightedaveragenumberofsharesoutstandingbasic": -1663000,
        "incrementalcommonsharesattributabletosharebasedpaymentarrangements": 22000,
        "weightedaveragenumberofdilutedsharesoutstanding": -1641000,
        "othercomprehensiveincomelossderivativesqualifyingashedgesnetoftax": 25000,
        "othercomprehensiveincomelossnetoftax": 25000,
        "comprehensiveincomenetoftax": 503424000
    },
    {
        "date": "2021-03-30",
        "symbol": "PHM",
        "period": "Q1",
        "revenuefromcontractwithcustomerexcludingassessedtax": 2596510000,
        "revenues": 2729791000,
        "costofgoodsandservicessold": 1935635000,
        "costofrevenue": 1960271000,
        "sellinggeneralandadministrativeexpense": 271686000,
        "gainslossesonextinguishmentofdebt": -61469000,
        "nonoperatingincomeexpense": -2639000,
        "incomelossfromcontinuingoperationsbeforeincometaxesdomestic": 394052000,
        "incometaxexpensebenefit": 89945000,
        "netincomeloss": 304107000,
        "earningspersharebasic": 1.14,
        "earningspersharediluted": 1.13,
        "commonstockdividendspersharedeclared": 0.14,
        "weightedaveragenumberofsharesoutstandingbasic": 265407000,
        "incrementalcommonsharesattributabletosharebasedpaymentarrangements": 605000,
        "weightedaveragenumberofdilutedsharesoutstanding": 266012000,
        "othercomprehensiveincomelossderivativesqualifyingashedgesnetoftax": 25000,
        "othercomprehensiveincomelossnetoftax": 25000,
        "comprehensiveincomenetoftax": 304132000
    },
    {
        "date": "2020-12-30",
        "symbol": "PHM",
        "period": "Q4",
        "revenuefromcontractwithcustomerexcludingassessedtax": 3062443000,
        "costofgoodsandservicessold": 2298009000,
        "costofrevenue": 2320077000,
        "sellinggeneralandadministrativeexpense": 279657000,
        "incomelossfromcontinuingoperationsbeforeincometaxesdomestic": 523750000,
        "incometaxexpensebenefit": 85639000,
        "netincomeloss": 438111000,
        "earningspersharebasic": 1.6200000000000006,
        "earningspersharediluted": 1.6199999999999994,
        "commonstockdividendspersharedeclared": 0.14,
        "weightedaveragenumberofsharesoutstandingbasic": -339000,
        "weightedaveragenumberofdilutedsharesoutstanding": -317000,
        "othercomprehensiveincomelossderivativesqualifyingashedgesnetoftax": 25000,
        "othercomprehensiveincomelossnetoftax": 25000,
        "comprehensiveincomenetoftax": 438136000
    },
    {
        "date": "2020-09-29",
        "symbol": "PHM",
        "period": "Q3",
        "netincomeloss": 416397000,
        "othercomprehensiveincomelossderivativesqualifyingashedgesnetoftax": 25000,
        "othercomprehensiveincomelossnetoftax": 25000,
        "comprehensiveincomenetoftax": 416422000,
        "revenuefromcontractwithcustomerexcludingassessedtax": 2823921000,
        "revenues": 2954957000,
        "costofgoodsandservicessold": 2131740000,
        "costofrevenue": 2152243000,
        "sellinggeneralandadministrativeexpense": 271258000,
        "nonoperatingincomeexpense": -4482000,
        "incomelossfromcontinuingoperationsbeforeincometaxesdomestic": 484166000,
        "incometaxexpensebenefit": 67769000,
        "earningspersharebasic": 1.54,
        "earningspersharediluted": 1.5300000000000005,
        "commonstockdividendspersharedeclared": 0.12,
        "weightedaveragenumberofsharesoutstandingbasic": -275000,
        "incrementalcommonsharesattributabletosharebasedpaymentarrangements": -121000,
        "weightedaveragenumberofdilutedsharesoutstanding": -396000
    },
    {
        "date": "2020-06-29",
        "symbol": "PHM",
        "period": "Q2",
        "netincomeloss": 348620000,
        "othercomprehensiveincomelossderivativesqualifyingashedgesnetoftax": 25000,
        "othercomprehensiveincomelossnetoftax": 25000,
        "comprehensiveincomenetoftax": 348645000,
        "revenuefromcontractwithcustomerexcludingassessedtax": 2472029000,
        "revenues": 2593781000,
        "costofgoodsandservicessold": 1880209000,
        "costofrevenue": 1900250000,
        "sellinggeneralandadministrativeexpense": 196858000,
        "goodwillimpairmentloss": 0,
        "nonoperatingincomeexpense": -5286000,
        "incomelossfromcontinuingoperationsbeforeincometaxesdomestic": 457009000,
        "incometaxexpensebenefit": 108389000,
        "earningspersharebasic": 1.2799999999999998,
        "earningspersharediluted": 1.2899999999999998,
        "commonstockdividendspersharedeclared": 0.12,
        "weightedaveragenumberofsharesoutstandingbasic": -833000,
        "incrementalcommonsharesattributabletosharebasedpaymentarrangements": -258000,
        "weightedaveragenumberofdilutedsharesoutstanding": -1091000
    },
    {
        "date": "2020-03-30",
        "symbol": "PHM",
        "period": "Q1",
        "netincomeloss": 203711000,
        "othercomprehensiveincomelossderivativesqualifyingashedgesnetoftax": 25000,
        "othercomprehensiveincomelossnetoftax": 25000,
        "comprehensiveincomenetoftax": 203736000,
        "revenuefromcontractwithcustomerexcludingassessedtax": 2221503000,
        "revenues": 2294980000,
        "costofgoodsandservicessold": 1694865000,
        "costofrevenue": 1709879000,
        "sellinggeneralandadministrativeexpense": 263669000,
        "goodwillimpairmentloss": 20190000,
        "nonoperatingincomeexpense": -2524000,
        "incomelossfromcontinuingoperationsbeforeincometaxesdomestic": 263769000,
        "incometaxexpensebenefit": 60058000,
        "earningspersharebasic": 0.75,
        "earningspersharediluted": 0.74,
        "commonstockdividendspersharedeclared": 0.12,
        "weightedaveragenumberofsharesoutstandingbasic": 270000000,
        "incrementalcommonsharesattributabletosharebasedpaymentarrangements": 1218000,
        "weightedaveragenumberofdilutedsharesoutstanding": 271218000
    },
    {
        "date": "2019-12-30",
        "symbol": "PHM",
        "period": "Q4",
        "netincomeloss": 335798000,
        "othercomprehensiveincomelossderivativesqualifyingashedgesnetoftax": 25000,
        "othercomprehensiveincomelossnetoftax": 25000,
        "comprehensiveincomenetoftax": 335823000,
        "revenuefromcontractwithcustomerexcludingassessedtax": 2925288000,
        "costofgoodsandservicessold": 2259132000,
        "costofrevenue": 2279616000,
        "sellinggeneralandadministrativeexpense": 261545000,
        "incomelossfromcontinuingoperationsbeforeincometaxesdomestic": 435951000,
        "incometaxexpensebenefit": 100153000,
        "earningspersharebasic": 1.23,
        "earningspersharediluted": 1.2200000000000002,
        "commonstockdividendspersharedeclared": 0.12000000000000004,
        "weightedaveragenumberofsharesoutstandingbasic": -552786000,
        "weightedaveragenumberofdilutedsharesoutstanding": -554559000
    },
    {
        "date": "2019-09-29",
        "symbol": "PHM",
        "period": "Q3",
        "netincomeloss": 273104000,
        "othercomprehensiveincomelossderivativesqualifyingashedgesnetoftax": 25000,
        "othercomprehensiveincomelossnetoftax": 25000,
        "comprehensiveincomenetoftax": 273129000,
        "revenuefromcontractwithcustomerexcludingassessedtax": 2637002000,
        "revenues": 2710365000,
        "costofgoodsandservicessold": 2028622000,
        "costofrevenue": 2035972000,
        "sellinggeneralandadministrativeexpense": 270625000,
        "nonoperatingincomeexpense": -5108000,
        "incomelossfromcontinuingoperationsbeforeincometaxesdomestic": 366146000,
        "incometaxexpensebenefit": 93042000,
        "earningspersharebasic": 0.99,
        "earningspersharediluted": 0.99,
        "commonstockdividendspersharedeclared": 0.11,
        "weightedaveragenumberofsharesoutstandingbasic": 272992000,
        "incrementalcommonsharesattributabletosharebasedpaymentarrangements": 640000,
        "weightedaveragenumberofdilutedsharesoutstanding": 273632000
    },
    {
        "date": "2019-06-29",
        "symbol": "PHM",
        "period": "Q2",
        "netincomeloss": 241041000,
        "othercomprehensiveincomelossderivativesqualifyingashedgesnetoftax": 25000,
        "othercomprehensiveincomelossnetoftax": 25000,
        "comprehensiveincomenetoftax": 241066000,
        "revenuefromcontractwithcustomerexcludingassessedtax": 2403559000,
        "revenues": 2488985000,
        "costofgoodsandservicessold": 1848155000,
        "costofrevenue": 1874369000,
        "sellinggeneralandadministrativeexpense": 259440000,
        "nonoperatingincomeexpense": -3499000,
        "incomelossfromcontinuingoperationsbeforeincometaxesdomestic": 320776000,
        "incometaxexpensebenefit": 79735000,
        "earningspersharebasic": 0.86,
        "earningspersharediluted": 0.86,
        "commonstockdividendspersharedeclared": 0.11,
        "weightedaveragenumberofsharesoutstandingbasic": 276652000,
        "incrementalcommonsharesattributabletosharebasedpaymentarrangements": 932000,
        "weightedaveragenumberofdilutedsharesoutstanding": 277584000
    },
    {
        "date": "2019-03-30",
        "symbol": "PHM",
        "period": "Q1",
        "netincomeloss": 166757000,
        "othercomprehensiveincomelossderivativesqualifyingashedgesnetoftax": 25000,
        "othercomprehensiveincomelossnetoftax": 25000,
        "comprehensiveincomenetoftax": 166782000,
        "revenuefromcontractwithcustomerexcludingassessedtax": 1949856000,
        "revenues": 1996693000,
        "costofgoodsandservicessold": 1492791000,
        "costofrevenue": 1494841000,
        "sellinggeneralandadministrativeexpense": 252727000,
        "nonoperatingincomeexpense": -973000,
        "incomelossfromcontinuingoperationsbeforeincometaxesdomestic": 216703000,
        "incometaxexpensebenefit": 49946000,
        "earningspersharebasic": 0.59,
        "earningspersharediluted": 0.59,
        "commonstockdividendspersharedeclared": 0.11,
        "weightedaveragenumberofsharesoutstandingbasic": 277637000,
        "incrementalcommonsharesattributabletosharebasedpaymentarrangements": 1003000,
        "weightedaveragenumberofdilutedsharesoutstanding": 278640000
    },
    {
        "date": "2018-09-29",
        "symbol": "PHM",
        "period": "Q3",
        "netincomeloss": 289535000,
        "othercomprehensiveincomelossderivativesqualifyingashedgesnetoftax": 25000,
        "othercomprehensiveincomelossnetoftax": 25000,
        "comprehensiveincomenetoftax": 289560000,
        "revenuefromcontractwithcustomerincludingassessedtax": 2572236000,
        "revenues": 2649366000,
        "costofgoodsandservicessold": 1954160000,
        "costofrevenue": 1976220000,
        "sellinggeneralandadministrativeexpense": 252757000,
        "nonoperatingincomeexpense": -3488000,
        "incomelossfromcontinuingoperationsbeforeincometaxesdomestic": 384688000,
        "incometaxexpensebenefit": 95153000,
        "earningspersharebasic": 1.01,
        "earningspersharediluted": 1.01,
        "commonstockdividendspersharedeclared": 0.09,
        "weightedaveragenumberofsharesoutstandingbasic": 283489000,
        "incrementalcommonsharesattributabletosharebasedpaymentarrangements": 1183000,
        "weightedaveragenumberofdilutedsharesoutstanding": 284672000
    },
    {
        "date": "2018-06-29",
        "symbol": "PHM",
        "period": "Q2",
        "netincomeloss": 324089000,
        "othercomprehensiveincomelossderivativesqualifyingashedgesnetoftax": 30000,
        "othercomprehensiveincomelossnetoftax": 30000,
        "comprehensiveincomenetoftax": 324119000,
        "homebuildingrevenue": 2450054000,
        "landsales": 66904000,
        "realestaterevenuenet": 2516958000,
        "financialservicesrevenue": 52764000,
        "revenues": 2569722000,
        "homebuildingcosts": 1862133000,
        "costsofrealestateservicesandlandsales": 38183000,
        "costofrealestaterevenue": 1900316000,
        "financialservicescosts": 32224000,
        "sellinggeneralandadministrativeexpense": 226056000,
        "nonoperatingincomeexpense": -1956000,
        "incomelossfromcontinuingoperationsbeforeincometaxesdomestic": 409170000,
        "incometaxexpensebenefit": 85081000,
        "earningspersharebasic": 1.12,
        "earningspersharediluted": 1.12,
        "commonstockdividendspersharedeclared": 0.09,
        "weightedaveragenumberofsharesoutstandingbasic": 285276000,
        "incrementalcommonsharesattributabletosharebasedpaymentarrangements": 1378000,
        "weightedaveragenumberofdilutedsharesoutstanding": 286654000
    },
    {
        "date": "2017-09-29",
        "symbol": "PHM",
        "period": "Q3",
        "netincomeloss": -310050000,
        "othercomprehensiveincomelossderivativesqualifyingashedgesnetoftax": 20000,
        "othercomprehensiveincomelossnetoftax": 20000,
        "comprehensiveincomenetoftax": -310050000,
        "homebuildingrevenue": 23500000,
        "landsales": 269000,
        "realestaterevenuenet": 269781000,
        "financialservicesrevenue": 46952000,
        "revenues": 70721000,
        "homebuildingcosts": 18893000,
        "costsofrealestateservicesandlandsales": 227000,
        "costofrealestaterevenue": 19120000,
        "financialservicescosts": 29183000,
        "sellinggeneralandadministrativeexpense": 11650000,
        "nonoperatingincomeexpense": -96000,
        "incomelossfromcontinuingoperationsbeforeincometaxesdomestic": 42727000,
        "incometaxexpensebenefit": -945000,
        "earningspersharebasic": 0.59,
        "earningspersharediluted": 0.58,
        "commonstockdividendspersharedeclared": 0.09,
        "weightedaveragenumberofsharesoutstandingbasic": 298538000,
        "incrementalcommonsharesattributabletosharebasedpaymentarrangements": 1690000,
        "weightedaveragenumberofdilutedsharesoutstanding": 300228000
    },
    {
        "date": "2017-06-29",
        "symbol": "PHM",
        "period": "Q2",
        "netincomeloss": -157800000,
        "othercomprehensiveincomelossderivativesqualifyingashedgesnetoftax": 20000,
        "othercomprehensiveincomelossnetoftax": 20000,
        "comprehensiveincomenetoftax": -157800000,
        "homebuildingrevenue": 20329000,
        "landsales": 1534000,
        "realestaterevenuenet": 288518000,
        "financialservicesrevenue": 47275000,
        "revenues": 69138000,
        "homebuildingcosts": 16535000,
        "costsofrealestateservicesandlandsales": 1191000,
        "costofrealestaterevenue": 17726000,
        "financialservicescosts": 28354000,
        "sellinggeneralandadministrativeexpense": 6101000,
        "nonoperatingincomeexpense": -129000,
        "incomelossfromcontinuingoperationsbeforeincometaxesdomestic": 46522000,
        "incometaxexpensebenefit": -256000,
        "earningspersharebasic": 0.32,
        "earningspersharediluted": 0.32,
        "commonstockdividendspersharedeclared": 0.09,
        "weightedaveragenumberofsharesoutstandingbasic": 312315000,
        "incrementalcommonsharesattributabletosharebasedpaymentarrangements": 1565000,
        "weightedaveragenumberofdilutedsharesoutstanding": 313880000
    },
    {
        "date": "2016-09-29",
        "symbol": "PHM",
        "period": "Q3",
        "netincomeloss": -227114000,
        "othercomprehensiveincomelossderivativesqualifyingashedgesnetoftax": 20000,
        "othercomprehensiveincomelossnetoftax": 20000,
        "comprehensiveincomenetoftax": -227114000,
        "homebuildingrevenue": 10434000,
        "landsales": 13167000,
        "realestaterevenuenet": 261693000,
        "financialservicesrevenue": 48020000,
        "revenues": 58454000,
        "homebuildingcosts": 11234000,
        "costsofrealestateservicesandlandsales": 11428000,
        "costofrealestaterevenue": 11234000,
        "financialservicescosts": 26761000,
        "sellinggeneralandadministrativeexpense": 6010000,
        "nonoperatingincomeexpense": -823000,
        "incomelossfromcontinuingoperationsbeforeincometaxesdomestic": 38878000,
        "incometaxexpensebenefit": -498000,
        "earningspersharebasic": 0.37,
        "earningspersharediluted": 0.37,
        "commonstockdividendspersharedeclared": 0.09,
        "weightedaveragenumberofsharesoutstandingbasic": 340171000,
        "incrementalcommonsharesattributabletosharebasedpaymentarrangements": 2250000,
        "weightedaveragenumberofdilutedsharesoutstanding": 342421000
    },
    {
        "date": "2016-06-29",
        "symbol": "PHM",
        "period": "Q2",
        "netincomeloss": -195018000,
        "othercomprehensiveincomelossderivativesqualifyingashedgesnetoftax": 20000,
        "othercomprehensiveincomelossnetoftax": 20000,
        "comprehensiveincomenetoftax": -195018000,
        "homebuildingrevenue": 5398000,
        "landsales": 1057000,
        "realestaterevenuenet": 255471000,
        "financialservicesrevenue": 43082000,
        "revenues": 49537000,
        "homebuildingcosts": 5506000,
        "costsofrealestateservicesandlandsales": 898000,
        "costofrealestaterevenue": 6404000,
        "financialservicescosts": 26043000,
        "sellinggeneralandadministrativeexpense": 7818000,
        "nonoperatingincomeexpense": -170000,
        "incomelossfromcontinuingoperationsbeforeincometaxesdomestic": 36223000,
        "incometaxexpensebenefit": -246000,
        "earningspersharebasic": 0.34,
        "earningspersharediluted": 0.34,
        "commonstockdividendspersharedeclared": 0.09,
        "weightedaveragenumberofsharesoutstandingbasic": 345240000,
        "incrementalcommonsharesattributabletosharebasedpaymentarrangements": 2759000,
        "weightedaveragenumberofdilutedsharesoutstanding": 347999000
    },
    {
        "date": "2015-09-29",
        "symbol": "PHM",
        "period": "Q3",
        "netincomeloss": -200668000,
        "othercomprehensiveincomelossderivativesqualifyingashedgesnetoftax": 21000,
        "othercomprehensiveincomelossnetoftax": 21000,
        "comprehensiveincomenetoftax": -200668000,
        "homebuildingrevenue": 1464131000,
        "landsales": 3649000,
        "realestaterevenuenet": 203319000,
        "financialservicesrevenue": 38967000,
        "revenues": 38967000,
        "homebuildingcosts": 1118874000,
        "costsofrealestateservicesandlandsales": 3301000,
        "costofrealestaterevenue": 1122175000,
        "financialservicescosts": 13000,
        "sellinggeneralandadministrativeexpense": 386000,
        "othernonoperatingincomeexpense": -30000,
        "investmentincomeinterest": 504000,
        "interestexpense": 203000,
        "incomelossfromequitymethodinvestments": 1000,
        "incomelossfromcontinuingoperationsbeforeincometaxesdomestic": 26035000,
        "incometaxexpensebenefit": -307000,
        "earningspersharebasic": 0.31,
        "earningspersharediluted": 0.3,
        "commonstockdividendspersharedeclared": 0.08,
        "weightedaveragenumberofsharesoutstandingbasic": 350147000,
        "incrementalcommonsharesattributabletosharebasedpaymentarrangements": 3225000,
        "weightedaveragenumberofdilutedsharesoutstanding": 353372000
    },
    {
        "date": "2015-06-29",
        "symbol": "PHM",
        "period": "Q2",
        "netincomeloss": -199232000,
        "othercomprehensiveincomelossderivativesqualifyingashedgesnetoftax": 21000,
        "othercomprehensiveincomelossnetoftax": 21000,
        "comprehensiveincomenetoftax": -199232000,
        "homebuildingrevenue": 1243077000,
        "landsales": 6460000,
        "realestaterevenuenet": 185489000,
        "financialservicesrevenue": 30754000,
        "revenues": 30754000,
        "homebuildingcosts": 953280000,
        "costsofrealestateservicesandlandsales": 5312000,
        "costofrealestaterevenue": 958592000,
        "financialservicescosts": 101000,
        "sellinggeneralandadministrativeexpense": 662000,
        "othernonoperatingincomeexpense": 6000,
        "investmentincomeinterest": 856000,
        "interestexpense": 208000,
        "incomelossfromequitymethodinvestments": 4000,
        "incomelossfromcontinuingoperationsbeforeincometaxesdomestic": 24487000,
        "incometaxexpensebenefit": 2462000,
        "earningspersharebasic": 0.28,
        "earningspersharediluted": 0.28,
        "commonstockdividendspersharedeclared": 0.08,
        "weightedaveragenumberofsharesoutstandingbasic": 361009000,
        "incrementalcommonsharesattributabletosharebasedpaymentarrangements": 3232000,
        "weightedaveragenumberofdilutedsharesoutstanding": 364241000
    },
    {
        "date": "2014-09-29",
        "symbol": "PHM",
        "period": "Q3",
        "netincomeloss": 143097000,
        "othercomprehensiveincomelossderivativesqualifyingashedgesnetoftax": 21000,
        "othercomprehensiveincomelossnetoftax": 21000,
        "comprehensiveincomenetoftax": 140566000,
        "homebuildingrevenue": 1551226000,
        "landsales": 10047000,
        "realestaterevenuenet": 1561273000,
        "financialservicesrevenue": 154000,
        "revenues": 33298000,
        "homebuildingcosts": 1195369000,
        "costsofrealestateservicesandlandsales": 3539000,
        "costofrealestaterevenue": 1198908000,
        "financialservicescosts": 195000,
        "sellinggeneralandadministrativeexpense": 146642000,
        "othernonoperatingincomeexpense": 16000,
        "investmentincomeinterest": 93000,
        "interestexpense": 210000,
        "incomelossfromequitymethodinvestments": 205000,
        "incomelossfromcontinuingoperationsbeforeincometaxesdomestic": 55931000,
        "incometaxexpensebenefit": 4990000,
        "earningspersharebasic": 0.37,
        "earningspersharediluted": 0.37,
        "commonstockdividendspersharedeclared": 0.05,
        "weightedaveragenumberofsharesoutstandingbasic": 373531000,
        "incrementalcommonsharesattributabletosharebasedpaymentarrangements": 3761000,
        "weightedaveragenumberofdilutedsharesoutstanding": 377292000
    },
    {
        "date": "2014-06-29",
        "symbol": "PHM",
        "period": "Q2",
        "netincomeloss": 48947000,
        "othercomprehensiveincomelossderivativesqualifyingashedgesnetoftax": 21000,
        "othercomprehensiveincomelossnetoftax": 21000,
        "comprehensiveincomenetoftax": 41901000,
        "homebuildingrevenue": 1246462000,
        "landsales": 8527000,
        "realestaterevenuenet": 1254989000,
        "financialservicesrevenue": 357000,
        "revenues": 1255346000,
        "homebuildingcosts": 952692000,
        "costsofrealestateservicesandlandsales": 6832000,
        "costofrealestaterevenue": 959524000,
        "financialservicescosts": 21836000,
        "sellinggeneralandadministrativeexpense": 621000,
        "othernonoperatingincomeexpense": -9117000,
        "investmentincomeinterest": 994000,
        "interestexpense": 203000,
        "incomelossfromequitymethodinvestments": 1288000,
        "incomelossfromcontinuingoperationsbeforeincometaxesdomestic": 42254000,
        "incometaxexpensebenefit": 10728000,
        "earningspersharebasic": 0.11,
        "earningspersharediluted": 0.11,
        "commonstockdividendspersharedeclared": 0.05,
        "weightedaveragenumberofsharesoutstandingbasic": 376072000,
        "incrementalcommonsharesattributabletosharebasedpaymentarrangements": 3592000,
        "weightedaveragenumberofdilutedsharesoutstanding": 379664000
    },
    {
        "date": "2013-09-29",
        "symbol": "PHM",
        "period": "Q3",
        "netincomeloss": 104312000,
        "othercomprehensiveincomelossderivativesqualifyingashedgesnetoftax": 77000,
        "othercomprehensiveincomelossnetoftax": 77000,
        "comprehensiveincomenetoftax": -124766000,
        "homebuildingrevenue": 1491959000,
        "landsales": 55783000,
        "realestaterevenuenet": 1547742000,
        "financialservicesrevenue": 649000,
        "revenues": 33687000,
        "homebuildingcosts": 1180137000,
        "costsofrealestateservicesandlandsales": 49933000,
        "costofrealestaterevenue": 1230070000,
        "financialservicescosts": 145000,
        "sellinggeneralandadministrativeexpense": 8000,
        "othernonoperatingincomeexpense": -10860000,
        "investmentincomeinterest": 928000,
        "interestexpense": 171000,
        "incomelossfromequitymethodinvestments": 217000,
        "incomelossfromcontinuingoperationsbeforeincometaxesdomestic": 32111000,
        "incometaxexpensebenefit": 2678000,
        "earningspersharebasic": 5.92,
        "earningspersharediluted": 5.87,
        "commonstockdividendspersharedeclared": 0.1
    },
    {
        "date": "2013-06-29",
        "symbol": "PHM",
        "period": "Q2",
        "netincomeloss": 61299000,
        "othercomprehensiveincomelossderivativesqualifyingashedgesnetoftax": 148000,
        "othercomprehensiveincomelossnetoftax": 148000,
        "comprehensiveincomenetoftax": 61299000,
        "homebuildingrevenue": 1219675000,
        "landsales": 20385000,
        "realestaterevenuenet": 1240060000,
        "financialservicesrevenue": 38870000,
        "revenues": 1240552000,
        "homebuildingcosts": 990818000,
        "costsofrealestateservicesandlandsales": 20710000,
        "costofrealestaterevenue": 1011528000,
        "financialservicescosts": 208000,
        "sellinggeneralandadministrativeexpense": 556000,
        "othernonoperatingincomeexpense": -23057000,
        "investmentincomeinterest": 1003000,
        "interestexpense": 166000,
        "incomelossfromequitymethodinvestments": 76000,
        "incomelossfromcontinuingoperationsbeforeincometaxesdomestic": 25694000,
        "incometaxexpensebenefit": -3572000,
        "earningspersharebasic": 0.09,
        "earningspersharediluted": 0.09,
        "weightedaveragenumberofsharesoutstandingbasic": 385389000,
        "incrementalcommonsharesattributabletosharebasedpaymentarrangements": 5791000,
        "weightedaveragenumberofdilutedsharesoutstanding": 391180000
    },
    {
        "date": "2012-09-29",
        "symbol": "PHM",
        "period": "Q3",
        "netincomeloss": -469165000,
        "othercomprehensiveincomelossderivativesqualifyingashedgesnetoftax": 58000,
        "othercomprehensiveincomelossnetoftax": 58000,
        "comprehensiveincomenetoftax": 116691000,
        "homebuildingrevenue": 1232704000,
        "landsales": 22623000,
        "realestaterevenuenet": 1255327000,
        "financialservicesrevenue": 537000,
        "revenues": 46727000,
        "homebuildingcosts": 1023704000,
        "costsofrealestateservicesandlandsales": 21061000,
        "costofrealestaterevenue": 1044765000,
        "financialservicescosts": 20460000,
        "sellinggeneralandadministrativeexpense": 124410000,
        "othernonoperatingincomeexpense": 10000,
        "investmentincomeinterest": 55000,
        "interestexpense": 201000,
        "incomelossfromequitymethodinvestments": 134000,
        "incomelossfromcontinuingoperationsbeforeincometaxesdomestic": 26494000,
        "incometaxexpensebenefit": 9659000,
        "earningspersharebasic": 0.31,
        "earningspersharediluted": 0.3,
        "weightedaveragenumberofsharesoutstandingbasic": 381355000,
        "incrementalcommonsharesattributabletosharebasedpaymentarrangements": 3215000,
        "weightedaveragenumberofdilutedsharesoutstanding": 384570000
    },
    {
        "date": "2012-06-29",
        "symbol": "PHM",
        "period": "Q2",
        "netincomeloss": 186004000,
        "othercomprehensiveincomelossderivativesqualifyingashedgesnetoftax": 58000,
        "othercomprehensiveincomelossnetoftax": 58000,
        "comprehensiveincomenetoftax": 105787000,
        "homebuildingrevenue": 1024405000,
        "landsales": 8749000,
        "realestaterevenuenet": 1033154000,
        "financialservicesrevenue": 457000,
        "revenues": 35794000,
        "homebuildingcosts": 869379000,
        "costsofrealestateservicesandlandsales": 7611000,
        "costofrealestaterevenue": 876990000,
        "financialservicescosts": 160000,
        "sellinggeneralandadministrativeexpense": 123259000,
        "othernonoperatingincomeexpense": -8167000,
        "investmentincomeinterest": 22000,
        "interestexpense": 198000,
        "incomelossfromequitymethodinvestments": 1246000,
        "incomelossfromcontinuingoperationsbeforeincometaxesdomestic": 8646000,
        "incometaxexpensebenefit": 5875000,
        "earningspersharebasic": 0.11,
        "earningspersharediluted": 0.11,
        "weightedaveragenumberofsharesoutstandingbasic": 380655000,
        "incrementalcommonsharesattributabletosharebasedpaymentarrangements": 1548000,
        "weightedaveragenumberofdilutedsharesoutstanding": 382203000
    },
    {
        "date": "2012-03-30",
        "symbol": "PHM",
        "period": "Q1",
        "netincomeloss": 84141000,
        "othercomprehensiveincomederivativesqualifyingashedgesnetoftaxperiodincreasedecrease": 57000,
        "othercomprehensiveincomelossnetoftaxperiodincreasedecrease": 57000,
        "comprehensiveincomenetoftax": 127330000,
        "homebuildingrevenue": 813786000,
        "landsales": 38398000,
        "realestaterevenuenet": 852184000,
        "financialservicesrevenue": 373000,
        "revenues": 852557000,
        "homebuildingcosts": 712166000,
        "costsofrealestateservicesandlandsales": 33397000,
        "costofrealestaterevenue": 745563000,
        "financialservicescosts": 65000,
        "sellinggeneralandadministrativeexpense": 907000,
        "othernonoperatingincomeexpense": -6291000,
        "investmentincomeinterest": 24000,
        "interestexpense": 217000,
        "incomelossfromequitymethodinvestments": 1916000,
        "incomelossfromcontinuingoperationsbeforeincometaxesdomestic": 7046000,
        "incometaxexpensebenefit": -25272000,
        "earningspersharebasic": -0.03,
        "earningspersharediluted": -0.03,
        "weightedaveragenumberofsharesoutstandingbasic": 380502000,
        "weightedaveragenumberofdilutedsharesoutstanding": 380502000
    },
    {
        "date": "2011-09-29",
        "symbol": "PHM",
        "period": "Q3",
        "homebuildingrevenue": 1101368000,
        "landsales": 12659000,
        "realestaterevenuenet": 1114027000,
        "financialservicesrevenue": 27576000,
        "revenues": 27576000,
        "homebuildingcosts": 947817000,
        "costsofrealestateservicesandlandsales": -2935000,
        "costofrealestaterevenue": 944882000,
        "financialservicescosts": 19101000,
        "sellinggeneralandadministrativeexpense": 317000,
        "othernonoperatingincomeexpense": 771000,
        "investmentincomeinterest": 69000,
        "interestexpense": 322000,
        "incomelossfromequitymethodinvestments": -1097000,
        "incomelossfromcontinuingoperationsbeforeincometaxesdomestic": -202500000,
        "incometaxexpensebenefit": 2471000,
        "netincomeloss": -4017000,
        "earningspersharebasic": -0.34,
        "earningspersharediluted": -0.34,
        "weightedaveragenumberofsharesoutstandingbasic": 380025000,
        "weightedaveragenumberofdilutedsharesoutstanding": 380025000
    },
    {
        "date": "2011-06-29",
        "symbol": "PHM",
        "period": "Q2",
        "homebuildingrevenue": 899763000,
        "landsales": 5068000,
        "realestaterevenuenet": 904831000,
        "financialservicesrevenue": 22095000,
        "revenues": 22095000,
        "homebuildingcosts": 789678000,
        "costsofrealestateservicesandlandsales": 3787000,
        "costofrealestaterevenue": 793465000,
        "financialservicescosts": 38815000,
        "sellinggeneralandadministrativeexpense": 1561000,
        "othernonoperatingincomeexpense": 577000,
        "investmentincomeinterest": 81000,
        "interestexpense": 317000,
        "incomelossfromequitymethodinvestments": 18000,
        "incomelossfromcontinuingoperationsbeforeincometaxesdomestic": -53333000,
        "incometaxexpensebenefit": -1131000,
        "netincomeloss": -67792000,
        "earningspersharebasic": -0.15,
        "earningspersharediluted": -0.15,
        "weightedaveragenumberofsharesoutstandingbasic": 379781000,
        "weightedaveragenumberofdilutedsharesoutstanding": 379781000
    },
    {
        "date": "2011-03-30",
        "symbol": "PHM",
        "period": "Q1",
        "homebuildingrevenue": 782471000,
        "landsales": 1296000,
        "realestaterevenuenet": 783767000,
        "financialservicesrevenue": 21435000,
        "revenues": 805202000,
        "homebuildingcosts": 685030000,
        "costsofrealestateservicesandlandsales": 930000,
        "costofrealestaterevenue": 685960000,
        "financialservicescosts": 20473000,
        "sellinggeneralandadministrativeexpense": 142446000,
        "othernonoperatingincomeexpense": -3910000,
        "investmentincomeinterest": 1437000,
        "interestexpense": 351000,
        "incomelossfromequitymethodinvestments": 1109000,
        "incomelossfromcontinuingoperationsbeforeincometaxes": -45392000,
        "incometaxexpensebenefit": -5866000,
        "netincomeloss": -39526000,
        "earningspersharebasic": -0.1,
        "earningspersharediluted": -0.1,
        "weightedaveragenumberofsharesoutstandingbasic": 379544000,
        "weightedaveragenumberofdilutedsharesoutstanding": 379544000
    },
    {
        "date": "2010-09-29",
        "symbol": "PHM",
        "period": "Q3",
        "homebuildingrevenue": 1024847000,
        "landsales": 5908000,
        "realestaterevenuenet": 1030755000,
        "financialservicesrevenue": 27009000,
        "revenues": 1057764000,
        "homebuildingcosts": 952788000,
        "costsofrealestateservicesandlandsales": 4849000,
        "costofrealestaterevenue": 957637000,
        "financialservicescosts": 23450000,
        "sellinggeneralandadministrativeexpense": 425643000,
        "othernonoperatingincomeexpense": -672979000,
        "investmentincomeinterest": 2601000,
        "interestexpense": 789000,
        "incomelossfromequitymethodinvestments": -3704000,
        "incomelossfromcontinuingoperationsbeforeincometaxes": -1023837000,
        "incometaxexpensebenefit": -28721000,
        "netincomeloss": -995116000,
        "earningspersharebasic": -2.63,
        "earningspersharediluted": -2.63,
        "weightedaveragenumberofsharesoutstandingbasic": 378842,
        "weightedaveragenumberofdilutedsharesoutstanding": 378842
    },
    {
        "date": "2010-06-29",
        "symbol": "PHM",
        "period": "Q2",
        "homebuildingrevenue": 1262990000,
        "landsales": 6745000,
        "realestaterevenuenet": 1269735000,
        "financialservicesrevenue": 36163000,
        "revenues": 1305898000,
        "homebuildingcosts": 1104456000,
        "costsofrealestateservicesandlandsales": 2563000,
        "costofrealestaterevenue": 1107019000,
        "financialservicescosts": 44772000,
        "sellinggeneralandadministrativeexpense": 157415000,
        "othernonoperatingincomeexpense": -9234000,
        "investmentincomeinterest": 2292000,
        "interestexpense": 1018000,
        "incomelossfromequitymethodinvestments": 5542000,
        "incomelossfromcontinuingoperationsbeforeincometaxes": -5726000,
        "incometaxexpensebenefit": -82029000,
        "netincomeloss": 76303000,
        "earningspersharebasic": 0.2,
        "earningspersharediluted": 0.2,
        "weightedaveragenumberofsharesoutstandingbasic": 378618000,
        "weightedaveragenumberdilutedsharesoutstandingadjustment": 1794000,
        "weightedaveragenumberofdilutedsharesoutstanding": 380412000
    }
]