[
    {
        "date": "2024-09-29",
        "symbol": "CTRA",
        "period": "Q3",
        "revenuefromcontractwithcustomerexcludingassessedtax": 1295000000,
        "gainlossonsaleofderivatives": 64000000,
        "revenues": 1359000000,
        "directoperatingcosts": 165000000,
        "resultsofoperationstransportationcosts": 245000000,
        "taxesexcludingincomeandexcisetaxes": 66000000,
        "explorationexpense": 9000000,
        "depreciationdepletionandamortization": 475000000,
        "generalandadministrativeexpense": 75000000,
        "costsandexpenses": 1035000000,
        "gainlossonsaleofpropertyplantequipment": 3000000,
        "operatingincomeloss": 327000000,
        "interestexpensenonoperating": 24000000,
        "investmentincomeinterest": 16000000,
        "incomelossfromcontinuingoperationsbeforeincometaxesextraordinaryitemsnoncontrollinginterest": 319000000,
        "incometaxexpensebenefit": 67000000,
        "netincomeloss": 252000000,
        "earningspersharebasic": 0.34,
        "earningspersharediluted": 0.34,
        "weightedaveragenumberofsharesoutstandingbasic": 738000000,
        "weightedaveragenumberofdilutedsharesoutstanding": 744000000
    },
    {
        "date": "2024-06-29",
        "symbol": "CTRA",
        "period": "Q2",
        "revenuefromcontractwithcustomerexcludingassessedtax": 774000000,
        "gainlossonsaleofderivatives": -16000000,
        "revenues": 1271000000,
        "directoperatingcosts": 160000000,
        "resultsofoperationstransportationcosts": 242000000,
        "taxesexcludingincomeandexcisetaxes": 54000000,
        "explorationexpense": 5000000,
        "depreciationdepletionandamortization": 447000000,
        "generalandadministrativeexpense": 68000000,
        "costsandexpenses": 976000000,
        "gainlossonsaleofpropertyplantequipment": 1000000,
        "operatingincomeloss": 296000000,
        "interestexpensenonoperating": 34000000,
        "investmentincomeinterest": 19000000,
        "incomelossfromcontinuingoperationsbeforeincometaxesextraordinaryitemsnoncontrollinginterest": 281000000,
        "incometaxexpensebenefit": 61000000,
        "netincomeloss": 220000000,
        "earningspersharebasic": 0.3,
        "earningspersharediluted": 0.29,
        "weightedaveragenumberofsharesoutstandingbasic": 742000000,
        "weightedaveragenumberofdilutedsharesoutstanding": 748000000
    },
    {
        "date": "2024-03-30",
        "symbol": "CTRA",
        "period": "Q1",
        "revenuefromcontractwithcustomerexcludingassessedtax": 538000000,
        "revenues": 1433000000,
        "directoperatingcosts": 156000000,
        "resultsofoperationstransportationcosts": 250000000,
        "taxesexcludingincomeandexcisetaxes": 74000000,
        "explorationexpense": 5000000,
        "depreciationdepletionandamortization": 432000000,
        "generalandadministrativeexpense": 75000000,
        "costsandexpenses": 992000000,
        "gainlossonsaleofpropertyplantequipment": -1000000,
        "operatingincomeloss": 440000000,
        "interestexpense": 19000000,
        "investmentincomeinterest": 16000000,
        "incomelossfromcontinuingoperationsbeforeincometaxesextraordinaryitemsnoncontrollinginterest": 437000000,
        "incometaxexpensebenefit": 85000000,
        "netincomeloss": 352000000,
        "earningspersharebasic": 0.47,
        "earningspersharediluted": 0.47,
        "weightedaveragenumberofsharesoutstandingbasic": 750000000,
        "weightedaveragenumberofdilutedsharesoutstanding": 755000000
    },
    {
        "date": "2023-12-30",
        "symbol": "CTRA",
        "period": "Q4",
        "revenuefromcontractwithcustomerexcludingassessedtax": -1025000000,
        "gainlossonsaleofderivatives": 101000000,
        "revenues": 1596000000,
        "directoperatingcosts": 161000000,
        "resultsofoperationstransportationcosts": 246000000,
        "taxesexcludingincomeandexcisetaxes": 72000000,
        "explorationexpense": 6000000,
        "depreciationdepletionandamortization": 456000000,
        "generalandadministrativeexpense": 78000000,
        "costsandexpenses": 1019000000,
        "operatingincomeloss": 577000000,
        "interestexpense": 23000000,
        "investmentincomeinterest": 15000000,
        "incomelossfromcontinuingoperationsbeforeincometaxesextraordinaryitemsnoncontrollinginterest": 569000000,
        "incometaxexpensebenefit": 153000000,
        "netincomeloss": 416000000,
        "earningspersharebasic": 0.5500000000000002,
        "earningspersharediluted": 0.5500000000000002,
        "weightedaveragenumberofsharesoutstandingbasic": 756000000,
        "weightedaveragenumberofdilutedsharesoutstanding": 760000000
    },
    {
        "date": "2023-09-29",
        "symbol": "CTRA",
        "period": "Q3",
        "revenuefromcontractwithcustomerexcludingassessedtax": 481000000,
        "gainlossonsaleofderivatives": 3000000,
        "revenues": 1356000000,
        "directoperatingcosts": 137000000,
        "resultsofoperationstransportationcosts": 235000000,
        "taxesexcludingincomeandexcisetaxes": 62000000,
        "explorationexpense": 5000000,
        "depreciationdepletionandamortization": 421000000,
        "generalandadministrativeexpense": 79000000,
        "costsandexpenses": 939000000,
        "gainlossonsaleofpropertyplantequipment": 7000000,
        "operatingincomeloss": 424000000,
        "interestexpense": 17000000,
        "investmentincomeinterest": 10000000,
        "incomelossfromcontinuingoperationsbeforeincometaxesextraordinaryitemsnoncontrollinginterest": 417000000,
        "incometaxexpensebenefit": 94000000,
        "netincomeloss": 323000000,
        "earningspersharebasic": 0.43,
        "earningspersharediluted": 0.42,
        "weightedaveragenumberofsharesoutstandingbasic": 753000000,
        "weightedaveragenumberofdilutedsharesoutstanding": 758000000
    },
    {
        "date": "2023-06-29",
        "symbol": "CTRA",
        "period": "Q2",
        "revenuefromcontractwithcustomerexcludingassessedtax": 1197000000,
        "gainlossonsaleofderivatives": -12000000,
        "revenues": 1185000000,
        "directoperatingcosts": 130000000,
        "resultsofoperationstransportationcosts": 258000000,
        "taxesexcludingincomeandexcisetaxes": 63000000,
        "explorationexpense": 5000000,
        "depreciationdepletionandamortization": 395000000,
        "generalandadministrativeexpense": 58000000,
        "costsandexpenses": 909000000,
        "gainlossonsaleofpropertyplantequipment": 0,
        "operatingincomeloss": 276000000,
        "interestexpense": 16000000,
        "investmentincomeinterest": 10000000,
        "incomelossfromcontinuingoperationsbeforeincometaxesextraordinaryitemsnoncontrollinginterest": 270000000,
        "incometaxexpensebenefit": 61000000,
        "netincomeloss": 209000000,
        "earningspersharebasic": 0.2799999999999999,
        "earningspersharediluted": 0.2799999999999999,
        "weightedaveragenumberofsharesoutstandingbasic": -4000000,
        "weightedaveragenumberofdilutedsharesoutstanding": -4000000
    },
    {
        "date": "2023-03-30",
        "symbol": "CTRA",
        "period": "Q1",
        "revenuefromcontractwithcustomerexcludingassessedtax": 1639000000,
        "gainlossonsaleofderivatives": 138000000,
        "revenues": 1777000000,
        "directoperatingcosts": 134000000,
        "resultsofoperationstransportationcosts": 236000000,
        "taxesexcludingincomeandexcisetaxes": 86000000,
        "explorationexpense": 4000000,
        "depreciationdepletionandamortization": 369000000,
        "generalandadministrativeexpense": 76000000,
        "costsandexpenses": 905000000,
        "gainlossonsaleofpropertyplantequipment": 5000000,
        "operatingincomeloss": 877000000,
        "interestexpense": 17000000,
        "investmentincomeinterest": 12000000,
        "incomelossfromcontinuingoperationsbeforeincometaxesextraordinaryitemsnoncontrollinginterest": 872000000,
        "incometaxexpensebenefit": 195000000,
        "netincomeloss": 677000000,
        "earningspersharebasic": 0.88,
        "earningspersharediluted": 0.88,
        "weightedaveragenumberofsharesoutstandingbasic": 764000000,
        "weightedaveragenumberofdilutedsharesoutstanding": 768000000
    },
    {
        "date": "2022-12-30",
        "symbol": "CTRA",
        "period": "Q4",
        "revenuefromcontractwithcustomerexcludingassessedtax": 2130000000,
        "gainlossonsaleofderivatives": 150000000,
        "revenues": 2280000000,
        "directoperatingcosts": 126000000,
        "resultsofoperationstransportationcosts": 229000000,
        "taxesexcludingincomeandexcisetaxes": 90000000,
        "explorationexpense": 6000000,
        "depreciationdepletionandamortization": 439000000,
        "generalandadministrativeexpense": 95000000,
        "costsandexpenses": 985000000,
        "operatingincomeloss": 1295000000,
        "interestincomeexpensenet": -11000000,
        "incomelossfromcontinuingoperationsbeforeincometaxesextraordinaryitemsnoncontrollinginterest": 1288000000,
        "incometaxexpensebenefit": 256000000,
        "netincomeloss": 1032000000,
        "earningspersharebasic": 1.3099999999999996,
        "earningspersharediluted": 1.3100000000000003,
        "weightedaveragenumberofsharesoutstandingbasic": -5000000,
        "weightedaveragenumberofdilutedsharesoutstanding": -6000000
    },
    {
        "date": "2022-09-29",
        "symbol": "CTRA",
        "period": "Q3",
        "revenuefromcontractwithcustomerexcludingassessedtax": 2676000000,
        "gainlossonsaleofderivatives": -156000000,
        "revenues": 2520000000,
        "directoperatingcosts": 118000000,
        "resultsofoperationstransportationcosts": 255000000,
        "taxesexcludingincomeandexcisetaxes": 102000000,
        "explorationexpense": 10000000,
        "depreciationdepletionandamortization": 422000000,
        "generalandadministrativeexpense": 107000000,
        "costsandexpenses": 1014000000,
        "gainlossonsaleofpropertyplantequipment": 0,
        "operatingincomeloss": 1506000000,
        "interestincomeexpensenet": -17000000,
        "incomelossfromcontinuingoperationsbeforeincometaxesextraordinaryitemsnoncontrollinginterest": 1515000000,
        "incometaxexpensebenefit": 319000000,
        "netincomeloss": 1196000000,
        "earningspersharebasic": 1.5,
        "earningspersharediluted": 1.51,
        "weightedaveragenumberofsharesoutstandingbasic": -812000000,
        "weightedaveragenumberofdilutedsharesoutstanding": -817000000
    },
    {
        "date": "2022-06-29",
        "symbol": "CTRA",
        "period": "Q2",
        "revenuefromcontractwithcustomerexcludingassessedtax": 2638000000,
        "gainlossonsaleofderivatives": -66000000,
        "revenues": 2572000000,
        "directoperatingcosts": 116000000,
        "resultsofoperationstransportationcosts": 238000000,
        "taxesexcludingincomeandexcisetaxes": 98000000,
        "explorationexpense": 7000000,
        "depreciationdepletionandamortization": 414000000,
        "generalandadministrativeexpense": 87000000,
        "costsandexpenses": 960000000,
        "gainlossonsaleofpropertyplantequipment": -3000000,
        "operatingincomeloss": 1609000000,
        "interestincomeexpensenet": -21000000,
        "incomelossfromcontinuingoperationsbeforeincometaxesextraordinaryitemsnoncontrollinginterest": 1588000000,
        "incometaxexpensebenefit": 359000000,
        "netincomeloss": 1229000000,
        "earningspersharebasic": 1.53,
        "earningspersharediluted": 1.52,
        "weightedaveragenumberofsharesoutstandingbasic": 803000000,
        "weightedaveragenumberofdilutedsharesoutstanding": 808000000
    },
    {
        "date": "2022-03-30",
        "symbol": "CTRA",
        "period": "Q1",
        "revenuefromcontractwithcustomerexcludingassessedtax": 2070000000,
        "gainlossonsaleofderivatives": -391000000,
        "revenues": 1679000000,
        "directoperatingcosts": 100000000,
        "resultsofoperationstransportationcosts": 233000000,
        "taxesexcludingincomeandexcisetaxes": 76000000,
        "explorationexpense": 6000000,
        "depreciationdepletionandamortization": 360000000,
        "generalandadministrativeexpense": 107000000,
        "costsandexpenses": 882000000,
        "gainlossonsaleofpropertyplantequipment": 2000000,
        "operatingincomeloss": 799000000,
        "interestincomeexpensenet": -21000000,
        "incomelossfromcontinuingoperationsbeforeincometaxesextraordinaryitemsnoncontrollinginterest": 778000000,
        "incometaxexpensebenefit": 170000000,
        "netincomeloss": 608000000,
        "earningspersharebasic": 0.75,
        "earningspersharediluted": 0.74,
        "weightedaveragenumberofsharesoutstandingbasic": 810000000,
        "weightedaveragenumberofdilutedsharesoutstanding": 814000000
    },
    {
        "date": "2021-09-29",
        "symbol": "CTRA",
        "period": "Q3",
        "revenuefromcontractwithcustomerexcludingassessedtax": 641625000,
        "gainlossonsaleofderivatives": -201282000,
        "revenues": 440396000,
        "directoperatingcosts": 21354000,
        "resultsofoperationstransportationcosts": 148794000,
        "taxesexcludingincomeandexcisetaxes": 8207000,
        "explorationexpense": 3998000,
        "depreciationdepletionandamortization": 97289000,
        "generalandadministrativeexpense": 65098000,
        "costsandexpenses": 344740000,
        "gainlossonsaleofpropertyplantequipment": 184000,
        "operatingincomeloss": 95840000,
        "interestincomeexpensenet": -12577000,
        "othernonoperatingincomeexpense": -47000,
        "incomelossfromcontinuingoperationsbeforeincometaxesextraordinaryitemsnoncontrollinginterest": 83216000,
        "incometaxexpensebenefit": 20502000,
        "netincomeloss": 62714000,
        "earningspersharebasic": 0.16,
        "earningspersharediluted": 0.16,
        "weightedaveragenumberofsharesoutstandingbasic": 399664000,
        "weightedaveragenumberofdilutedsharesoutstanding": 402738000
    },
    {
        "date": "2021-06-29",
        "symbol": "CTRA",
        "period": "Q2",
        "revenuefromcontractwithcustomerexcludingassessedtax": 411718000,
        "gainlossonsaleofderivatives": -87121000,
        "revenues": 324667000,
        "directoperatingcosts": 16154000,
        "resultsofoperationstransportationcosts": 133488000,
        "taxesexcludingincomeandexcisetaxes": 4183000,
        "explorationexpense": 2368000,
        "depreciationdepletionandamortization": 91549000,
        "generalandadministrativeexpense": 23037000,
        "costsandexpenses": 270779000,
        "gainlossonsaleofpropertyplantequipment": 20000,
        "operatingincomeloss": 53908000,
        "interestincomeexpensenet": -12558000,
        "othernonoperatingincomeexpense": -46000,
        "incomelossfromcontinuingoperationsbeforeincometaxesextraordinaryitemsnoncontrollinginterest": 41304000,
        "incometaxexpensebenefit": 10840000,
        "netincomeloss": 30464000,
        "earningspersharebasic": 0.08,
        "earningspersharediluted": 0.08,
        "weightedaveragenumberofsharesoutstandingbasic": 399586000,
        "weightedaveragenumberofdilutedsharesoutstanding": 402206000
    },
    {
        "date": "2021-03-30",
        "symbol": "CTRA",
        "period": "Q1",
        "revenuefromcontractwithcustomerexcludingassessedtax": 472859000,
        "gainlossonsaleofderivatives": -13238000,
        "revenues": 459680000,
        "directoperatingcosts": 16876000,
        "resultsofoperationstransportationcosts": 136702000,
        "taxesexcludingincomeandexcisetaxes": 4805000,
        "explorationexpense": 2627000,
        "depreciationdepletionandamortization": 94148000,
        "generalandadministrativeexpense": 29155000,
        "costsandexpenses": 284313000,
        "gainlossonsaleofpropertyplantequipment": 71000,
        "operatingincomeloss": 175438000,
        "interestincomeexpensenet": -12377000,
        "othernonoperatingincomeexpense": -46000,
        "incomelossfromcontinuingoperationsbeforeincometaxesextraordinaryitemsnoncontrollinginterest": 163015000,
        "incometaxexpensebenefit": 36661000,
        "netincomeloss": 126354000,
        "earningspersharebasic": 0.32,
        "earningspersharediluted": 0.31,
        "weightedaveragenumberofsharesoutstandingbasic": 399121000,
        "weightedaveragenumberofdilutedsharesoutstanding": 401811000
    },
    {
        "date": "2020-12-30",
        "symbol": "CTRA",
        "period": "Q4",
        "revenuefromcontractwithcustomerexcludingassessedtax": 413107000,
        "revenues": 456778000,
        "directoperatingcosts": 18539000,
        "taxesexcludingincomeandexcisetaxes": 3675000,
        "explorationexpense": 4750000,
        "depreciationdepletionandamortization": 96497000,
        "generalandadministrativeexpense": 24534000,
        "costsandexpenses": 293534000,
        "gainlossonsaleofpropertyplantequipment": -352000,
        "operatingincomeloss": 162892000,
        "interestincomeexpensenet": -10981000,
        "othernonoperatingincomeexpense": -58000,
        "incomelossfromcontinuingoperationsbeforeincometaxesextraordinaryitemsnoncontrollinginterest": 151853000,
        "incometaxexpensebenefit": 20647000,
        "earningspersharebasic": 0.33000000000000007,
        "earningspersharediluted": 0.33000000000000007,
        "weightedaveragenumberofsharesoutstandingbasic": 21000,
        "weightedaveragenumberofdilutedsharesoutstanding": -106000
    },
    {
        "date": "2020-09-29",
        "symbol": "CTRA",
        "period": "Q3",
        "revenuefromcontractwithcustomerexcludingassessedtax": 333256000,
        "revenues": 291041000,
        "directoperatingcosts": 20197000,
        "resultsofoperationstransportationcosts": 146982000,
        "taxesexcludingincomeandexcisetaxes": 3615000,
        "explorationexpense": 3900000,
        "depreciationdepletionandamortization": 99649000,
        "generalandadministrativeexpense": 24262000,
        "costsandexpenses": 298605000,
        "gainlossonsaleofpropertyplantequipment": 31000,
        "operatingincomeloss": -7533000,
        "interestincomeexpensenet": -14389000,
        "othernonoperatingincomeexpense": -57000,
        "incomelossfromcontinuingoperationsbeforeincometaxesextraordinaryitemsnoncontrollinginterest": -21979000,
        "incometaxexpensebenefit": -7018000,
        "netincomeloss": -14961000,
        "earningspersharebasic": -0.03999999999999998,
        "earningspersharediluted": -0.03999999999999998,
        "weightedaveragenumberofsharesoutstandingbasic": 40000,
        "weightedaveragenumberofdilutedsharesoutstanding": 409000
    },
    {
        "date": "2020-06-29",
        "symbol": "CTRA",
        "period": "Q2",
        "revenuefromcontractwithcustomerexcludingassessedtax": 288286000,
        "revenues": 332348000,
        "directoperatingcosts": 17423000,
        "resultsofoperationstransportationcosts": 135249000,
        "taxesexcludingincomeandexcisetaxes": 3352000,
        "explorationexpense": 4579000,
        "depreciationdepletionandamortization": 94622000,
        "generalandadministrativeexpense": 23166000,
        "costsandexpenses": 278391000,
        "incomelossfromequitymethodinvestments": 0,
        "gainlossonsaleofpropertyplantequipment": -241000,
        "operatingincomeloss": 53716000,
        "interestincomeexpensenet": -14543000,
        "othernonoperatingincomeexpense": -48000,
        "incomelossfromcontinuingoperationsbeforeincometaxesextraordinaryitemsnoncontrollinginterest": 39125000,
        "incometaxexpensebenefit": 8751000,
        "netincomeloss": 30374000,
        "earningspersharebasic": 0.06999999999999998,
        "earningspersharediluted": 0.07999999999999999,
        "weightedaveragenumberofsharesoutstandingbasic": 117000,
        "weightedaveragenumberofdilutedsharesoutstanding": 322000
    },
    {
        "date": "2020-03-30",
        "symbol": "CTRA",
        "period": "Q1",
        "revenuefromcontractwithcustomerexcludingassessedtax": 370340000,
        "gainlossonsaleofderivatives": 16062000,
        "revenues": 386457000,
        "directoperatingcosts": 17244000,
        "resultsofoperationstransportationcosts": 143332000,
        "taxesexcludingincomeandexcisetaxes": 3738000,
        "explorationexpense": 2190000,
        "depreciationdepletionandamortization": 100135000,
        "generalandadministrativeexpense": 33429000,
        "costsandexpenses": 300068000,
        "incomelossfromequitymethodinvestments": -59000,
        "gainlossonsaleofpropertyplantequipment": 71000,
        "operatingincomeloss": 86401000,
        "interestincomeexpensenet": -14211000,
        "othernonoperatingincomeexpense": -66000,
        "incomelossfromcontinuingoperationsbeforeincometaxesextraordinaryitemsnoncontrollinginterest": 72124000,
        "incometaxexpensebenefit": 18214000,
        "netincomeloss": 53910000,
        "earningspersharebasic": 0.14,
        "earningspersharediluted": 0.13,
        "weightedaveragenumberofsharesoutstandingbasic": 398343000,
        "weightedaveragenumberofdilutedsharesoutstanding": 399897000
    },
    {
        "date": "2019-12-30",
        "symbol": "CTRA",
        "period": "Q4",
        "revenuefromcontractwithcustomerexcludingassessedtax": 463451000,
        "gainlossonsaleofderivatives": -2158000,
        "revenues": 461368000,
        "directoperatingcosts": 21350000,
        "costofgoodsandservicessold": 149974000,
        "taxesexcludingincomeandexcisetaxes": 2959000,
        "explorationexpense": 5241000,
        "depreciationdepletionandamortization": 106439000,
        "generalandadministrativeexpense": 22500000,
        "operatingexpenses": 308463000,
        "incomelossfromequitymethodinvestments": 69302000,
        "operatingincomeloss": 222209000,
        "interestincomeexpensenet": -14650000,
        "othernonoperatingincomeexpense": -144000,
        "incomelossfromcontinuingoperationsbeforeincometaxesextraordinaryitemsnoncontrollinginterest": 207415000,
        "incometaxexpensebenefit": 60475000,
        "earningspersharebasic": 0.3699999999999999,
        "earningspersharediluted": 0.3599999999999999,
        "weightedaveragenumberofsharesoutstandingbasic": -419568000,
        "weightedaveragenumberofdilutedsharesoutstanding": -421561000
    },
    {
        "date": "2019-09-29",
        "symbol": "CTRA",
        "period": "Q3",
        "revenuefromcontractwithcustomerexcludingassessedtax": 418133000,
        "gainlossonsaleofderivatives": 11060000,
        "revenues": 429111000,
        "directoperatingcosts": 19181000,
        "costofgoodsandservicessold": 145681000,
        "taxesexcludingincomeandexcisetaxes": 4607000,
        "explorationexpense": 4481000,
        "depreciationdepletionandamortization": 110889000,
        "generalandadministrativeexpense": 18391000,
        "operatingexpenses": 303230000,
        "incomelossfromequitymethodinvestments": 3860000,
        "gainlossonsaleofpropertyplantequipment": 36000,
        "operatingincomeloss": 129777000,
        "interestincomeexpensenet": -13554000,
        "othernonoperatingincomeexpense": -143000,
        "incomelossfromcontinuingoperationsbeforeincometaxesextraordinaryitemsnoncontrollinginterest": 116080000,
        "incometaxexpensebenefit": 25722000,
        "netincomeloss": 90358000,
        "earningspersharebasic": 0.22,
        "earningspersharediluted": 0.22,
        "weightedaveragenumberofsharesoutstandingbasic": 412456000,
        "weightedaveragenumberofdilutedsharesoutstanding": 414462000
    },
    {
        "date": "2019-06-29",
        "symbol": "CTRA",
        "period": "Q2",
        "revenuefromcontractwithcustomerexcludingassessedtax": 470482000,
        "gainlossonsaleofderivatives": 63649000,
        "revenues": 534117000,
        "directoperatingcosts": 18093000,
        "costofgoodsandservicessold": 141689000,
        "taxesexcludingincomeandexcisetaxes": 3640000,
        "explorationexpense": 4504000,
        "depreciationdepletionandamortization": 96147000,
        "generalandadministrativeexpense": 22889000,
        "operatingexpenses": 286962000,
        "incomelossfromequitymethodinvestments": 3400000,
        "gainlossonsaleofpropertyplantequipment": 0,
        "operatingincomeloss": 250805000,
        "interestincomeexpensenet": -14567000,
        "othernonoperatingincomeexpense": -143000,
        "incomelossfromcontinuingoperationsbeforeincometaxesextraordinaryitemsnoncontrollinginterest": 236095000,
        "incometaxexpensebenefit": 55086000,
        "netincomeloss": 181009000,
        "earningspersharebasic": 0.43000000000000005,
        "earningspersharediluted": 0.43000000000000005,
        "weightedaveragenumberofsharesoutstandingbasic": -490000,
        "weightedaveragenumberofdilutedsharesoutstanding": -639000,
        "commonstockdividendspersharecashpaid": 0.09
    },
    {
        "date": "2019-03-30",
        "symbol": "CTRA",
        "period": "Q1",
        "revenuefromcontractwithcustomerexcludingassessedtax": 633174000,
        "gainlossonsaleofderivatives": 8257000,
        "revenues": 641681000,
        "directoperatingcosts": 18334000,
        "costofgoodsandservicessold": 137333000,
        "taxesexcludingincomeandexcisetaxes": 5847000,
        "explorationexpense": 6044000,
        "depreciationdepletionandamortization": 92258000,
        "generalandadministrativeexpense": 31090000,
        "operatingexpenses": 290906000,
        "incomelossfromequitymethodinvestments": 3934000,
        "gainlossonsaleofpropertyplantequipment": -1500000,
        "operatingincomeloss": 352959000,
        "interestincomeexpensenet": -12181000,
        "othernonoperatingincomeexpense": -144000,
        "incomelossfromcontinuingoperationsbeforeincometaxesextraordinaryitemsnoncontrollinginterest": 340634000,
        "incometaxexpensebenefit": 77871000,
        "netincomeloss": 262763000,
        "earningspersharebasic": 0.62,
        "earningspersharediluted": 0.62,
        "weightedaveragenumberofsharesoutstandingbasic": 423116000,
        "weightedaveragenumberofdilutedsharesoutstanding": 425189000,
        "commonstockdividendspersharecashpaid": 0.07
    },
    {
        "date": "2018-12-30",
        "symbol": "CTRA",
        "period": "Q4",
        "gainlossonsaleofderivatives": 46060000,
        "revenues": 716301000,
        "directoperatingcosts": 16889000,
        "taxesexcludingincomeandexcisetaxes": 7208000,
        "explorationexpense": 45654000,
        "depreciationdepletionandamortization": 129269000,
        "generalandadministrativeexpense": -66721000,
        "operatingexpenses": 376293000,
        "incomelossfromequitymethodinvestments": 2396000,
        "gainlossonsaleofpropertyplantequipment": -1450000,
        "operatingincomeloss": 340677000,
        "interestincomeexpensenet": -15624000,
        "othernonoperatingincomeexpense": -116000,
        "incomelossfromcontinuingoperationsbeforeincometaxesextraordinaryitemsnoncontrollinginterest": -372491000,
        "incometaxexpensebenefit": -91039000,
        "earningspersharebasic": 0.62,
        "earningspersharediluted": 0.62,
        "weightedaveragenumberofsharesoutstandingbasic": -906004000,
        "weightedaveragenumberofdilutedsharesoutstanding": -910205000,
        "commonstockdividendspersharecashpaid": 0.07
    },
    {
        "date": "2018-09-29",
        "symbol": "CTRA",
        "period": "Q3",
        "revenuefromcontractwithcustomerexcludingassessedtax": 440835000,
        "gainlossonsaleofderivatives": -3537000,
        "revenues": 545173000,
        "directoperatingcosts": 17030000,
        "costofgoodsandservicessold": 93405000,
        "taxesexcludingincomeandexcisetaxes": 2852000,
        "explorationexpense": 10049000,
        "depreciationdepletionandamortization": 121172000,
        "generalandadministrativeexpense": 20724000,
        "operatingexpenses": 394766000,
        "incomelossfromequitymethodinvestments": -11000,
        "gainlossonsaleofpropertyplantequipment": 25655000,
        "operatingincomeloss": 176051000,
        "interestincomeexpensenet": -14191000,
        "othernonoperatingincomeexpense": -115000,
        "incomelossfromcontinuingoperationsbeforeincometaxesextraordinaryitemsnoncontrollinginterest": 161745000,
        "incometaxexpensebenefit": 39408000,
        "netincomeloss": 122337000,
        "earningspersharebasic": 0.28,
        "earningspersharediluted": 0.28,
        "weightedaveragenumberofsharesoutstandingbasic": 440772000,
        "weightedaveragenumberofdilutedsharesoutstanding": 443110000,
        "commonstockdividendspersharecashpaid": 0.06
    },
    {
        "date": "2018-06-29",
        "symbol": "CTRA",
        "period": "Q2",
        "revenuefromcontractwithcustomerexcludingassessedtax": 364660000,
        "gainlossonsaleofderivatives": -3668000,
        "revenues": 453447000,
        "directoperatingcosts": 15657000,
        "costofgoodsandservicessold": 80082000,
        "taxesexcludingincomeandexcisetaxes": 5392000,
        "explorationexpense": 54500000,
        "depreciationdepletionandamortization": 84910000,
        "generalandadministrativeexpense": 21228000,
        "operatingexpenses": 375958000,
        "incomelossfromequitymethodinvestments": -4000,
        "gainlossonsaleofpropertyplantequipment": 544000,
        "operatingincomeloss": 78029000,
        "interestincomeexpensenet": -23328000,
        "othernonoperatingincomeexpense": -118000,
        "incomelossfromcontinuingoperationsbeforeincometaxesextraordinaryitemsnoncontrollinginterest": 54583000,
        "incometaxexpensebenefit": 12152000,
        "netincomeloss": 42431000,
        "earningspersharebasic": 0.09,
        "earningspersharediluted": 0.09,
        "weightedaveragenumberofsharesoutstandingbasic": 451055000,
        "weightedaveragenumberofdilutedsharesoutstanding": 453114000,
        "commonstockdividendspersharecashpaid": 0.06
    },
    {
        "date": "2018-03-30",
        "symbol": "CTRA",
        "period": "Q1",
        "naturalgasproductionrevenue": 412108000,
        "oilandcondensaterevenue": 48722000,
        "gainlossonsaleofderivatives": 5577000,
        "brokerednaturalgasmarginrevenue": 4950000,
        "othersalesrevenuenet": 1870000,
        "revenues": 473227000,
        "directoperatingcosts": 20070000,
        "gasgatheringtransportationmarketingandprocessingcosts": 112125000,
        "brokerednaturalgasmargincosts": 4950000,
        "taxesexcludingincomeandexcisetaxes": 7190000,
        "explorationexpense": 3617000,
        "depreciationdepletionandamortization": 82128000,
        "generalandadministrativeexpense": 24060000,
        "operatingexpenses": 254140000,
        "incomelossfromequitymethodinvestments": -12000,
        "gainlossonsaleofpropertyplantequipment": -41049000,
        "operatingincomeloss": 177044000,
        "interestincomeexpensenet": -20058000,
        "othernonoperatingincomeexpense": -114000,
        "incomelossfromcontinuingoperationsbeforeincometaxesextraordinaryitemsnoncontrollinginterest": 156872000,
        "incometaxexpensebenefit": 39641000,
        "netincomeloss": 117231000,
        "earningspersharebasic": 0.26,
        "earningspersharediluted": 0.25,
        "weightedaveragenumberofsharesoutstandingbasic": 459715000,
        "weightedaveragenumberofdilutedsharesoutstanding": 461549000,
        "commonstockdividendspersharecashpaid": 0.06
    },
    {
        "date": "2017-09-29",
        "symbol": "CTRA",
        "period": "Q3",
        "netincomeloss": 17587000,
        "othercomprehensiveincomedefinedbenefitplansnetunamortizedgainlossarisingduringperiodnetoftax": -1429000,
        "othercomprehensiveincomedefinedbenefitplannetpriorservicecostscreditarisingduringperiodnetoftax": -5449000,
        "othercomprehensiveincomelossamortizationadjustmentfromaocipensionandotherpostretirementbenefitplansfornetpriorservicecostcreditnetoftax": -1551000,
        "othercomprehensiveincomelossreclassificationadjustmentfromaocipensionandotherpostretirementbenefitplansfornetgainlossnetoftax": -287000,
        "othercomprehensiveincomelossnetoftaxportionattributabletoparent": 2756000,
        "comprehensiveincomenetoftax": 20343000,
        "othercomprehensiveincomedefinedbenefitplansnetunamortizedgainlossarisingduringperiodtax": -837000,
        "othercomprehensiveincomelosspensionandotherpostretirementbenefitplansbenefitplanimprovementtaxeffect": 3194000,
        "othercomprehensiveincomelossamortizationadjustmentfromaocipensionandotherpostretirementbenefitplansfornetpriorservicecostcredittax": -909000,
        "othercomprehensiveincomelossreclassificationadjustmentfromaocipensionandotherpostretirementbenefitplansfornetgainlosstax": 168000,
        "naturalgasproductionrevenue": 323319000,
        "oilandcondensaterevenue": 56913000,
        "gainlossonsaleofderivatives": -836000,
        "brokerednaturalgasmarginrevenue": 3528000,
        "othersalesrevenuenet": 2492000,
        "revenues": 385416000,
        "directoperatingcosts": 26282000,
        "gasgatheringtransportationmarketingandprocessingcosts": 117891000,
        "brokerednaturalgasmargincosts": 2797000,
        "taxesexcludingincomeandexcisetaxes": 9194000,
        "explorationexpense": 6466000,
        "depreciationdepletionandamortization": 146267000,
        "generalandadministrativeexpense": 23244000,
        "operatingexpenses": 332141000,
        "incomelossfromequitymethodinvestments": -1417000,
        "gainlossonsaleofpropertyplantequipment": -11872000,
        "operatingincomeloss": 39986000,
        "interestincomeexpensenet": -20331000,
        "othernonoperatingincomeexpense": 5083000,
        "incomelossfromcontinuingoperationsbeforeincometaxesextraordinaryitemsnoncontrollinginterest": 24738000,
        "incometaxexpensebenefit": 7151000,
        "earningspersharebasic": 0.04,
        "earningspersharediluted": 0.04,
        "weightedaveragenumberofsharesoutstandingbasic": 462498000,
        "weightedaveragenumberofdilutedsharesoutstanding": 464780000,
        "commonstockdividendspersharecashpaid": 0.05
    },
    {
        "date": "2017-06-29",
        "symbol": "CTRA",
        "period": "Q2",
        "naturalgasproductionrevenue": 395328000,
        "oilandcondensaterevenue": 44625000,
        "gainlossonsaleofderivatives": 13805000,
        "brokerednaturalgasmarginrevenue": 4037000,
        "othersalesrevenuenet": 2662000,
        "revenues": 460457000,
        "directoperatingcosts": 27262000,
        "gasgatheringtransportationmarketingandprocessingcosts": 120544000,
        "brokerednaturalgasmargincosts": 3419000,
        "taxesexcludingincomeandexcisetaxes": 8310000,
        "explorationexpense": 3959000,
        "depreciationdepletionandamortization": 144322000,
        "impairmentofoilandgasproperties": 68555000,
        "generalandadministrativeexpense": 23957000,
        "operatingexpenses": 400328000,
        "incomelossfromequitymethodinvestments": -1286000,
        "gainlossonsaleofpropertyplantequipment": -1403000,
        "operatingincomeloss": 57440000,
        "interestincomeexpensenet": -20619000,
        "othernonoperatingincomeexpense": 315000,
        "incomelossfromcontinuingoperationsbeforeincometaxesextraordinaryitemsnoncontrollinginterest": 37136000,
        "incometaxexpensebenefit": 15609000,
        "netincomeloss": 21527000,
        "earningspersharebasic": 0.05,
        "earningspersharediluted": 0.05,
        "weightedaveragenumberofsharesoutstandingbasic": 464768000,
        "weightedaveragenumberofdilutedsharesoutstanding": 466745000,
        "commonstockdividendspersharecashpaid": 0.05
    },
    {
        "date": "2017-03-30",
        "symbol": "CTRA",
        "period": "Q1",
        "naturalgasproductionrevenue": 433442000,
        "oilandcondensaterevenue": 42990000,
        "gainlossonsaleofderivatives": 33384000,
        "brokerednaturalgasmarginrevenue": 4695000,
        "othersalesrevenuenet": 3332000,
        "revenues": 517843000,
        "directoperatingcosts": 24641000,
        "gasgatheringtransportationmarketingandprocessingcosts": 123474000,
        "brokerednaturalgasmargincosts": 4046000,
        "taxesexcludingincomeandexcisetaxes": 9058000,
        "explorationexpense": 6198000,
        "depreciationdepletionandamortization": 135100000,
        "generalandadministrativeexpense": 23700000,
        "operatingexpenses": 326217000,
        "incomelossfromequitymethodinvestments": -1000,
        "gainlossonsaleofpropertyplantequipment": -223000,
        "operatingincomeloss": 190120000,
        "interestincomeexpensenet": -20771000,
        "othernonoperatingexpense": 424000,
        "incomelossfromcontinuingoperationsbeforeincometaxesextraordinaryitemsnoncontrollinginterest": 168925000,
        "incometaxexpensebenefit": 63205000,
        "netincomeloss": 105720000,
        "earningspersharebasic": 0.23,
        "earningspersharediluted": 0.23,
        "weightedaveragenumberofsharesoutstandingbasic": 465348000,
        "weightedaveragenumberofdilutedsharesoutstanding": 466888000,
        "commonstockdividendspersharecashpaid": 0.02
    },
    {
        "date": "2016-09-29",
        "symbol": "CTRA",
        "period": "Q3",
        "naturalgasproductionrevenue": 260200000,
        "oilandcondensaterevenue": 37778000,
        "gainlossonsaleofderivatives": -27095000,
        "brokerednaturalgasmarginrevenue": 3641000,
        "othersalesrevenuenet": 1906000,
        "revenues": 310429000,
        "directoperatingcosts": 24627000,
        "gasgatheringtransportationmarketingandprocessingcosts": 105671000,
        "brokerednaturalgasmargincosts": 2939000,
        "taxesexcludingincomeandexcisetaxes": 8770000,
        "explorationexpense": 2988000,
        "depreciationdepletionandamortization": 139490000,
        "generalandadministrativeexpense": 19776000,
        "operatingexpenses": 304261000,
        "incomelossfromequitymethodinvestments": 72000,
        "gainlossonsaleofpropertyplantequipment": -1244000,
        "operatingincomeloss": 3196000,
        "interestincomeexpensenet": -21483000,
        "incomelossfromcontinuingoperationsbeforeincometaxesextraordinaryitemsnoncontrollinginterest": -18287000,
        "incometaxexpensebenefit": -8027000,
        "netincomeloss": -10260000,
        "earningspersharebasic": -0.010000000000000009,
        "earningspersharediluted": -0.010000000000000009,
        "weightedaveragenumberofsharesoutstandingbasic": -442849000,
        "weightedaveragenumberofdilutedsharesoutstanding": -442849000,
        "commonstockdividendspersharecashpaid": 0.019999999999999993
    },
    {
        "date": "2016-06-29",
        "symbol": "CTRA",
        "period": "Q2",
        "naturalgasproductionrevenue": 223232000,
        "oilandcondensaterevenue": 46156000,
        "gainlossonsaleofderivatives": 11305000,
        "brokerednaturalgasmarginrevenue": 2596000,
        "othersalesrevenuenet": 2016000,
        "revenues": 246816000,
        "directoperatingcosts": 26477000,
        "gasgatheringtransportationmarketingandprocessingcosts": 107560000,
        "brokerednaturalgasmargincosts": 2021000,
        "taxesexcludingincomeandexcisetaxes": 8973000,
        "explorationexpense": 3738000,
        "depreciationdepletionandamortization": 147533000,
        "generalandadministrativeexpense": 20247000,
        "operatingexpenses": 316549000,
        "incomelossfromequitymethodinvestments": -73000,
        "gainlossonsaleofpropertyplantequipment": -878000,
        "operatingincomeloss": -70684000,
        "gainslossesonextinguishmentofdebt": -4709000,
        "interestincomeexpensenet": -21963000,
        "incomelossfromcontinuingoperationsbeforeincometaxesextraordinaryitemsnoncontrollinginterest": -97356000,
        "incometaxexpensebenefit": -34446000,
        "netincomeloss": -62910000,
        "earningspersharebasic": -0.14,
        "earningspersharediluted": -0.14,
        "weightedaveragenumberofsharesoutstandingbasic": 465068000,
        "weightedaveragenumberofdilutedsharesoutstanding": 465068000,
        "commonstockdividendspersharecashpaid": 0.02
    },
    {
        "date": "2016-03-30",
        "symbol": "CTRA",
        "period": "Q1",
        "naturalgasproductionrevenue": 227578000,
        "oilandcondensaterevenue": 30676000,
        "gainlossonsaleofderivatives": 18994000,
        "brokerednaturalgasmarginrevenue": 3180000,
        "othersalesrevenuenet": 1513000,
        "revenues": 281941000,
        "directoperatingcosts": 26035000,
        "gasgatheringtransportationmarketingandprocessingcosts": 109652000,
        "brokerednaturalgasmargincosts": 2566000,
        "taxesexcludingincomeandexcisetaxes": 5994000,
        "explorationexpense": 6383000,
        "depreciationdepletionandamortization": 161887000,
        "generalandadministrativeexpense": 28376000,
        "operatingexpenses": 340893000,
        "incomelossfromequitymethodinvestments": -2000,
        "gainlossonsaleofpropertyplantequipment": 1354000,
        "operatingincomeloss": -55589000,
        "interestincomeexpensenet": -24375000,
        "incomelossfromcontinuingoperationsbeforeincometaxesextraordinaryitemsnoncontrollinginterest": -79964000,
        "incometaxexpensebenefit": -28770000,
        "netincomeloss": -51194000,
        "earningspersharebasic": -0.12,
        "earningspersharediluted": -0.12,
        "weightedaveragenumberofsharesoutstandingbasic": 431841000,
        "weightedaveragenumberofdilutedsharesoutstanding": 431841000,
        "commonstockdividendspersharecashpaid": 0.02
    },
    {
        "date": "2015-09-29",
        "symbol": "CTRA",
        "period": "Q3",
        "netincomeloss": -15514000,
        "comprehensiveincomenetoftax": -15514000,
        "naturalgasproductionrevenue": 222963000,
        "oilandcondensaterevenue": 59014000,
        "gainlossonsaleofderivatives": 45097000,
        "brokerednaturalgasmarginrevenue": 4010000,
        "othersalesrevenuenet": 1945000,
        "revenues": 305296000,
        "directoperatingcosts": 34818000,
        "gasgatheringtransportationmarketingandprocessingcosts": 102121000,
        "brokerednaturalgasmargincosts": 3020000,
        "taxesexcludingincomeandexcisetaxes": 11407000,
        "explorationexpense": 4930000,
        "depreciationdepletionandamortization": 144326000,
        "generalandadministrativeexpense": 11102000,
        "operatingexpenses": 311724000,
        "incomelossfromequitymethodinvestments": 1648000,
        "gainlossonsaleofpropertyplantequipment": 3756000,
        "operatingincomeloss": -1024000,
        "interestincomeexpensenet": -24510000,
        "incomelossfromcontinuingoperationsbeforeincometaxesextraordinaryitemsnoncontrollinginterest": -25534000,
        "incometaxexpensebenefit": -10020000,
        "earningspersharebasic": -0.04,
        "earningspersharediluted": -0.04,
        "weightedaveragenumberofsharesoutstandingbasic": 413846000,
        "weightedaveragenumberofdilutedsharesoutstanding": 413846000,
        "commonstockdividendspersharecashpaid": 0.02
    },
    {
        "date": "2015-06-29",
        "symbol": "CTRA",
        "period": "Q2",
        "netincomelossavailabletocommonstockholdersbasic": -27508000,
        "comprehensiveincomenetoftax": -27508000,
        "naturalgasproductionrevenue": 224806000,
        "oilandcondensaterevenue": 81233000,
        "gainlossonsaleofderivatives": -6819000,
        "brokerednaturalgasrevenue": 3813000,
        "othersalesrevenuenet": 3264000,
        "revenues": 306297000,
        "directoperatingcosts": 36112000,
        "gasgatheringtransportationmarketingandprocessingcosts": 98295000,
        "brokerednaturalgascosts": 2885000,
        "taxesexcludingincomeandexcisetaxes": 11611000,
        "explorationexpense": 5298000,
        "depreciationdepletionandamortization": 152513000,
        "generalandadministrativeexpense": 19978000,
        "operatingexpenses": 326692000,
        "incomelossfromequitymethodinvestments": -16000,
        "gainlossonsaleofpropertyplantequipment": -79000,
        "operatingincomeloss": -18962000,
        "interestincomeexpensenet": -24168000,
        "incomelossfromcontinuingoperationsbeforeincometaxesextraordinaryitemsnoncontrollinginterest": -43130000,
        "incometaxexpensebenefit": -15622000,
        "earningspersharebasic": -0.07,
        "earningspersharediluted": -0.07,
        "weightedaveragenumberofsharesoutstandingbasic": 413713000,
        "weightedaveragenumberofdilutedsharesoutstanding": 413713000,
        "commonstockdividendspersharecashpaid": 0.02
    },
    {
        "date": "2015-03-30",
        "symbol": "CTRA",
        "period": "Q1",
        "netincomelossavailabletocommonstockholdersbasic": 40255000,
        "comprehensiveincomenetoftax": 40255000,
        "naturalgasproductionrevenue": 360191000,
        "oilandcondensaterevenue": 62558000,
        "gainlossonsaleofderivatives": 34123000,
        "brokerednaturalgasrevenue": 4827000,
        "othersalesrevenuenet": 3066000,
        "revenues": 464765000,
        "directoperatingcosts": 36017000,
        "gasgatheringtransportationmarketingandprocessingcosts": 121235000,
        "brokerednaturalgascosts": 3739000,
        "taxesexcludingincomeandexcisetaxes": 11280000,
        "explorationexpense": 8732000,
        "depreciationdepletionandamortization": 175497000,
        "generalandadministrativeexpense": 22529000,
        "operatingexpenses": 379029000,
        "incomelossfromequitymethodinvestments": 1421000,
        "gainlossonsaleofpropertyplantequipment": 138000,
        "operatingincomeloss": 87295000,
        "interestincomeexpensenet": -23566000,
        "incomelossfromcontinuingoperationsbeforeincometaxesextraordinaryitemsnoncontrollinginterest": 63729000,
        "incometaxexpensebenefit": 23474000,
        "earningspersharebasic": 0.1,
        "earningspersharediluted": 0.1,
        "weightedaveragenumberofsharesoutstandingbasic": 413344000,
        "weightedaveragenumberofdilutedsharesoutstanding": 414771000,
        "commonstockdividendspersharecashpaid": 0.02
    },
    {
        "date": "2014-09-29",
        "symbol": "CTRA",
        "period": "Q3",
        "netincomelossavailabletocommonstockholdersbasic": -294788000,
        "othercomprehensiveincomelossreclassificationadjustmentfromaocionderivativesnetoftax": -12965000,
        "othercomprehensiveincomelossnetoftaxportionattributabletoparent": 12965000,
        "comprehensiveincomenetoftax": 113753000,
        "othercomprehensiveincomelossreclassificationadjustmentfromaocionderivativestax": -8592000,
        "naturalgasproductionrevenue": -984875000,
        "oilandcondensaterevenue": -146469000,
        "brokerednaturalgasrevenue": 6501000,
        "othersalesrevenuenet": 3079000,
        "revenues": 512017000,
        "directoperatingcosts": 37802000,
        "gasgatheringtransportationmarketingandprocessingcosts": 85966000,
        "brokerednaturalgascosts": 5679000,
        "taxesexcludingincomeandexcisetaxes": 10934000,
        "explorationexpense": 8813000,
        "depreciationdepletionandamortization": 154014000,
        "generalandadministrativeexpense": 19579000,
        "operatingexpenses": 322787000,
        "gainlossonsaleofpropertyplantequipment": 46000,
        "operatingincomeloss": 190339000,
        "interestincomeexpensenet": -17421000,
        "incomelossfromcontinuingoperationsbeforeincometaxesextraordinaryitemsnoncontrollinginterest": -487537000,
        "incometaxexpensebenefit": -192749000,
        "earningspersharebasic": 0.24,
        "earningspersharediluted": 0.24,
        "weightedaveragenumberofsharesoutstandingbasic": -312000,
        "weightedaveragenumberofdilutedsharesoutstanding": -274000,
        "commonstockdividendspersharecashpaid": 0.019999999999999993
    },
    {
        "date": "2014-06-29",
        "symbol": "CTRA",
        "period": "Q2",
        "othercomprehensiveincomelossreclassificationadjustmentfromaocionderivativestax": -9149000,
        "othercomprehensiveincomeunrealizedgainlossonderivativesarisingduringperiodtax": 0,
        "netincomelossavailabletocommonstockholdersbasic": 118420000,
        "othercomprehensiveincomelossreclassificationadjustmentfromaocionderivativesnetoftax": -13807000,
        "othercomprehensiveincomeunrealizedgainlossonderivativesarisingduringperiodnetoftax": 0,
        "othercomprehensiveincomelossnetoftaxportionattributabletoparent": 13807000,
        "comprehensiveincomenetoftax": 132227000,
        "naturalgasproductionrevenue": 437762000,
        "oilandcondensaterevenue": 86341000,
        "brokerednaturalgasrevenue": 8140000,
        "othersalesrevenuenet": 3273000,
        "revenues": 533187000,
        "directoperatingcosts": 35605000,
        "gasgatheringtransportationmarketingandprocessingcosts": 83976000,
        "brokerednaturalgascosts": 7031000,
        "taxesexcludingincomeandexcisetaxes": 12816000,
        "explorationexpense": 4676000,
        "depreciationdepletionandamortization": 157563000,
        "generalandadministrativeexpense": 20127000,
        "operatingexpenses": 321794000,
        "gainlossonsaleofpropertyplantequipment": -1496000,
        "operatingincomeloss": 210653000,
        "interestincomeexpensenet": -16334000,
        "incomelossfromcontinuingoperationsbeforeincometaxesextraordinaryitemsnoncontrollinginterest": 194319000,
        "incometaxexpensebenefit": 75899000,
        "earningspersharebasic": 0.28,
        "earningspersharediluted": 0.28,
        "weightedaveragenumberofsharesoutstandingbasic": 197000,
        "weightedaveragenumberofdilutedsharesoutstanding": 229000,
        "commonstockdividendspersharecashpaid": 0.02
    },
    {
        "date": "2014-03-30",
        "symbol": "CTRA",
        "period": "Q1",
        "othercomprehensiveincomelossreclassificationadjustmentfromaocionderivativestax": -28210000,
        "othercomprehensiveincomeunrealizedgainlossonderivativesarisingduringperiodtax": 53135000,
        "netincomelossavailabletocommonstockholdersbasic": 107031000,
        "othercomprehensiveincomelossreclassificationadjustmentfromaocionderivativesnetoftax": -42565000,
        "othercomprehensiveincomeunrealizedgainlossonderivativesarisingduringperiodnetoftax": -80175000,
        "othercomprehensiveincomelossnetoftaxportionattributabletoparent": -37610000,
        "comprehensiveincomenetoftax": 69421000,
        "naturalgasproductionrevenue": 432809000,
        "oilandcondensaterevenue": 59144000,
        "brokerednaturalgasrevenue": 13153000,
        "othersalesrevenuenet": 4697000,
        "revenues": 509803000,
        "directoperatingcosts": 35834000,
        "gasgatheringtransportationmarketingandprocessingcosts": 77765000,
        "brokerednaturalgascosts": 11860000,
        "taxesexcludingincomeandexcisetaxes": 13044000,
        "explorationexpense": 6474000,
        "depreciationdepletionandamortization": 147418000,
        "generalandadministrativeexpense": 21636000,
        "operatingexpenses": 314031000,
        "gainlossonsaleofpropertyplantequipment": -1285000,
        "operatingincomeloss": 194487000,
        "interestincomeexpensenet": -16557000,
        "incomelossfromcontinuingoperationsbeforeincometaxesextraordinaryitemsnoncontrollinginterest": 177930000,
        "incometaxexpensebenefit": 70899000,
        "earningspersharebasic": 0.26,
        "earningspersharediluted": 0.26,
        "weightedaveragenumberofsharesoutstandingbasic": 416900000,
        "weightedaveragenumberofdilutedsharesoutstanding": 418513000,
        "commonstockdividendspersharecashpaid": 0.02
    },
    {
        "date": "2013-09-29",
        "symbol": "CTRA",
        "period": "Q3",
        "othercomprehensiveincomelossreclassificationadjustmentfromaocionderivativestax": 7742000,
        "othercomprehensiveincomeunrealizedgainlossonderivativesarisingduringperiodtax": 937000,
        "othercomprehensiveincomelossreclassificationadjustmentfromaocipensionandotherpostretirementbenefitplansfornetgainlosstax": -46000,
        "naturalgasproductionrevenue": 20766000,
        "oilandcondensaterevenue": 84209000,
        "brokerednaturalgasrevenue": 7165000,
        "othersalesrevenuenet": 2575000,
        "revenues": 435850000,
        "directoperatingcosts": 32923000,
        "gasgatheringtransportationmarketingandprocessingcosts": 60803000,
        "brokerednaturalgascosts": 5913000,
        "taxesexcludingincomeandexcisetaxes": 11532000,
        "explorationexpense": 3891000,
        "depreciationdepletionandamortization": 168980000,
        "generalandadministrativeexpense": 24697000,
        "operatingexpenses": 308739000,
        "gainlossonsaleofpropertyplantequipment": 4421000,
        "operatingincomeloss": 131532000,
        "interestincomeexpensenet": -15796000,
        "incomelossfromcontinuingoperationsbeforeincometaxesextraordinaryitemsnoncontrollinginterest": 19568000,
        "incometaxexpensebenefit": 45847000,
        "netincomelossavailabletocommonstockholdersbasic": 11872000,
        "earningspersharebasic": 0.17,
        "earningspersharediluted": 0.17,
        "weightedaveragenumberofsharesoutstandingbasic": 420986000,
        "weightedaveragenumberofdilutedsharesoutstanding": 423453000,
        "commonstockdividendspersharecashpaid": 0.02,
        "othercomprehensiveincomelossreclassificationadjustmentfromaocionderivativesnetoftax": 11942000,
        "othercomprehensiveincomeunrealizedgainlossonderivativesarisingduringperiodnetoftax": -1447000,
        "othercomprehensiveincomelossreclassificationadjustmentfromaocipensionandotherpostretirementbenefitplansfornetgainlossnetoftax": -70000,
        "othercomprehensiveincomelossnetoftaxportionattributabletoparent": -13319000,
        "comprehensiveincomenetoftax": 56570000
    },
    {
        "date": "2013-06-29",
        "symbol": "CTRA",
        "period": "Q2",
        "othercomprehensiveincomelossreclassificationadjustmentfromaocionderivativestax": 717000,
        "othercomprehensiveincomeunrealizedgainlossonderivativesarisingduringperiodtax": -45274000,
        "othercomprehensiveincomelossreclassificationadjustmentfromaocipensionandotherpostretirementbenefitplansfornetgainlosstax": -81000,
        "naturalgasproductionrevenue": 368391000,
        "oilandcondensaterevenue": 70226000,
        "brokerednaturalgasrevenue": 8244000,
        "othersalesrevenuenet": 2819000,
        "revenues": 449680000,
        "directoperatingcosts": 36978000,
        "gasgatheringtransportationmarketingandprocessingcosts": 52648000,
        "brokerednaturalgascosts": 6704000,
        "taxesexcludingincomeandexcisetaxes": 11364000,
        "explorationexpense": 4529000,
        "depreciationdepletionandamortization": 151389000,
        "generalandadministrativeexpense": 21608000,
        "operatingexpenses": 285220000,
        "gainlossonsaleofpropertyplantequipment": 276000,
        "operatingincomeloss": 164736000,
        "interestincomeexpensenet": -16701000,
        "incomelossfromcontinuingoperationsbeforeincometaxesextraordinaryitemsnoncontrollinginterest": 148035000,
        "incometaxexpensebenefit": 58921000,
        "netincomelossavailabletocommonstockholdersbasic": 89114000,
        "earningspersharebasic": 0.42,
        "earningspersharediluted": 0.42,
        "weightedaveragenumberofsharesoutstandingbasic": 210349000,
        "weightedaveragenumberofdilutedsharesoutstanding": 211745000,
        "commonstockdividendspersharecashpaid": 0.02,
        "othercomprehensiveincomelossreclassificationadjustmentfromaocionderivativesnetoftax": 1105000,
        "othercomprehensiveincomeunrealizedgainlossonderivativesarisingduringperiodnetoftax": 69839000,
        "othercomprehensiveincomelossreclassificationadjustmentfromaocipensionandotherpostretirementbenefitplansfornetgainlossnetoftax": -124000,
        "othercomprehensiveincomelossnetoftaxportionattributabletoparent": 68858000,
        "comprehensiveincomenetoftax": 157972000
    },
    {
        "date": "2013-03-30",
        "symbol": "CTRA",
        "period": "Q1",
        "othercomprehensiveincomelossreclassificationadjustmentonderivativesincludedinnetincometax": 6045000,
        "othercomprehensiveincomeunrealizedgainlossonderivativesarisingduringperiodtax": 23971000,
        "othercomprehensiveincomelossreclassificationpensionandotherpostretirementbenefitplansnetgainlossrecognizedinnetperiodicbenefitcosttax": -80000,
        "naturalgasproductionrevenue": 13328000,
        "oilandcondensaterevenue": 2042000,
        "brokerednaturalgasrevenue": 10893000,
        "othersalesrevenuenet": 2944000,
        "revenues": 373285000,
        "directoperatingcosts": 31497000,
        "gasgatheringtransportationmarketingandprocessingcosts": 46221000,
        "brokerednaturalgascosts": 8389000,
        "taxesexcludingincomeandexcisetaxes": 11687000,
        "explorationexpense": 4024000,
        "depreciationdepletionandamortization": 148653000,
        "generalandadministrativeexpense": 35704000,
        "operatingexpenses": 286175000,
        "gainlossonsaleofpropertyplantequipment": -96000,
        "operatingincomeloss": 87014000,
        "interestincomeexpensenet": -16255000,
        "incomelossfromcontinuingoperationsbeforeincometaxesextraordinaryitemsnoncontrollinginterest": 15165000,
        "incometaxexpensebenefit": 5965000,
        "netincomelossavailabletocommonstockholdersbasic": 9200000,
        "earningspersharebasic": 0.2,
        "earningspersharediluted": 0.2,
        "weightedaveragenumberofsharesoutstandingbasic": 210150000,
        "weightedaveragenumberofdilutedsharesoutstanding": 211376000,
        "commonstockdividendspersharecashpaid": 0.02,
        "othercomprehensiveincomelossreclassificationadjustmentonderivativesincludedinnetincomenetoftax": -9325000,
        "othercomprehensiveincomeunrealizedgainlossonderivativesarisingduringperiodnetoftax": -36975000,
        "othercomprehensiveincomereclassificationofdefinedbenefitplansnetgainlossrecognizedinnetperiodicbenefitcostnetoftax": 125000,
        "othercomprehensiveincomelossnetoftaxportionattributabletoparent": 125000,
        "comprehensiveincomenetoftax": -3351000
    },
    {
        "date": "2012-09-29",
        "symbol": "CTRA",
        "period": "Q3",
        "othercomprehensiveincomeunrealizedgainlossonderivativesarisingduringperiodtax": 15445000,
        "naturalgasproductionrevenue": 231896000,
        "oilandcondensaterevenue": 57870000,
        "brokerednaturalgasrevenue": 5238000,
        "othersalesrevenuenet": 1870000,
        "revenues": 296874000,
        "directoperatingcosts": 28269000,
        "gasgatheringtransportationmarketingandprocessingcosts": 34430000,
        "brokerednaturalgascosts": 4258000,
        "taxesexcludingincomeandexcisetaxes": 10436000,
        "explorationexpense": 9303000,
        "depreciationdepletionandamortization": 110448000,
        "generalandadministrativeexpense": 23828000,
        "operatingexpenses": 220972000,
        "operatingincomeloss": 75776000,
        "interestincomeexpensenet": -16219000,
        "incometaxexpensebenefit": 22948000,
        "netincomelossavailabletocommonstockholdersbasic": 36609000,
        "earningspersharebasic": 0.17,
        "earningspersharediluted": 0.17,
        "weightedaveragenumberofsharesoutstandingbasic": -209207000,
        "weightedaveragenumberofdilutedsharesoutstanding": -210974000,
        "commonstockdividendspersharecashpaid": 0.019999999999999993,
        "othercomprehensiveincomeunrealizedgainlossonderivativesarisingduringperiodnetoftax": -24360000,
        "othercomprehensiveincomereclassificationofdefinedbenefitplansnetgainlossrecognizedinnetperiodicbenefitcostnetoftax": 79000,
        "othercomprehensiveincomelossnetoftaxportionattributabletoparent": -61575000,
        "comprehensiveincomenetoftax": -24966000
    },
    {
        "date": "2012-06-29",
        "symbol": "CTRA",
        "period": "Q2",
        "othercomprehensiveincomereclassificationadjustmentonderivativesincludedinnetincometax": 28263000,
        "othercomprehensiveincomeunrealizedgainlossonderivativesarisingduringperiodtax": -7130000,
        "othercomprehensiveincomelossamortizationpensionandotherpostretirementbenefitplansnetpriorservicecostrecognizedinnetperiodicpensioncosttaxeffect": -43000,
        "othercomprehensiveincomereclassificationofdefinedbenefitplansnetgainlossrecognizedinnetperiodicbenefitcosttax": -2647000,
        "naturalgasproductionrevenue": 201051000,
        "brokerednaturalgasrevenue": 5149000,
        "oilandcondensaterevenue": 57466000,
        "othersalesrevenuenet": 1991000,
        "revenues": 265657000,
        "brokerednaturalgascosts": 4250000,
        "directoperatingcosts": 29306000,
        "gasgatheringtransportationmarketingandprocessingcosts": 33139000,
        "taxesexcludingincomeandexcisetaxes": 10854000,
        "explorationexpense": 16244000,
        "depreciationdepletionandamortization": 114616000,
        "generalandadministrativeexpense": 46872000,
        "operatingexpenses": 255281000,
        "gainlossonsaleofoilandgaspropertyandotherlongtermassets": 67703000,
        "operatingincomeloss": 78079000,
        "interestincomeexpensenet": -18495000,
        "incomelossfromcontinuingoperationsbeforeincometaxesminorityinterestandincomelossfromequitymethodinvestments": 59584000,
        "incometaxexpensebenefit": 23647000,
        "netincomelossavailabletocommonstockholdersbasic": 35937000,
        "earningspersharebasic": 0.17,
        "earningspersharediluted": 0.17,
        "weightedaveragenumberofsharesoutstandingbasic": 209512000,
        "weightedaveragenumberofdilutedsharesoutstanding": 211158000,
        "commonstockdividendspersharecashpaid": 0.02,
        "othercomprehensiveincomereclassificationadjustmentonderivativesincludedinnetincomenetoftax": 44579000,
        "othercomprehensiveincomeunrealizedgainlossonderivativesarisingduringperiodnetoftax": 11246000,
        "othercomprehensiveincomeamortizationofdefinedbenefitplannetpriorservicecostrecognizedinnetperiodicpensioncostnetoftax": 67000,
        "othercomprehensiveincomereclassificationofdefinedbenefitplansnetgainlossrecognizedinnetperiodicbenefitcostnetoftax": 4174000,
        "othercomprehensiveincomelossnetoftaxportionattributabletoparent": -29092000,
        "comprehensiveincomenetoftax": 6845000
    },
    {
        "date": "2012-03-30",
        "symbol": "CTRA",
        "period": "Q1",
        "othercomprehensiveincomereclassificationadjustmentonderivativesincludedinnetincometax": 21600000,
        "othercomprehensiveincomeunrealizedgainlossonderivativesarisingduringperiodtax": -27523000,
        "othercomprehensiveincomelossamortizationpensionandotherpostretirementbenefitplansnetpriorservicecostrecognizedinnetperiodicpensioncosttaxeffect": -43000,
        "othercomprehensiveincomereclassificationofdefinedbenefitplansnetgainlossrecognizedinnetperiodicbenefitcosttax": -2647000,
        "naturalgasproductionrevenue": 206782000,
        "brokerednaturalgasrevenue": 13444000,
        "oilandcondensaterevenue": 49981000,
        "othersalesrevenuenet": 1929000,
        "revenues": 272136000,
        "brokerednaturalgascosts": 11872000,
        "directoperatingcosts": 27320000,
        "gasgatheringtransportationmarketingandprocessingcosts": 30258000,
        "taxesexcludingincomeandexcisetaxes": 18583000,
        "explorationexpense": 4001000,
        "depreciationdepletionandamortization": 110357000,
        "generalandadministrativeexpense": 22549000,
        "operatingexpenses": 224940000,
        "gainlossonsaleofoilandgaspropertyandotherlongtermassets": -535000,
        "operatingincomeloss": 46661000,
        "interestincomeexpensenet": -16917000,
        "incomelossfromcontinuingoperationsbeforeincometaxesminorityinterestandincomelossfromequitymethodinvestments": 29744000,
        "incometaxexpensebenefit": 11426000,
        "netincomelossavailabletocommonstockholdersbasic": 18318000,
        "earningspersharebasic": 0.09,
        "earningspersharediluted": 0.09,
        "weightedaveragenumberofsharesoutstandingbasic": 209128000,
        "weightedaveragenumberofdilutedsharesoutstanding": 210813000,
        "commonstockdividendspersharecashpaid": 0.02,
        "othercomprehensiveincomereclassificationadjustmentonderivativesincludedinnetincomenetoftax": 34070000,
        "othercomprehensiveincomeunrealizedgainlossonderivativesarisingduringperiodnetoftax": 43205000,
        "othercomprehensiveincomeamortizationofdefinedbenefitplannetpriorservicecostrecognizedinnetperiodicpensioncostnetoftax": 68000,
        "othercomprehensiveincomereclassificationofdefinedbenefitplansnetgainlossrecognizedinnetperiodicbenefitcostnetoftax": 4175000,
        "othercomprehensiveincomedefinedbenefitplansadjustmentnetoftaxportionattributabletoparent": -4243000,
        "othercomprehensiveincomelossnetoftaxportionattributabletoparent": 13378000,
        "comprehensiveincomenetoftax": 31696000
    },
    {
        "date": "2011-09-29",
        "symbol": "CTRA",
        "period": "Q3",
        "naturalgasproductionrevenue": 218521000,
        "brokerednaturalgasrevenue": 9467000,
        "oilandcondensaterevenue": 33158000,
        "othersalesrevenuenet": 971000,
        "revenues": 262117000,
        "brokerednaturalgascosts": 8204000,
        "directoperatingcosts": 27292000,
        "gasgatheringtransportationmarketingandprocessingcosts": 19768000,
        "taxesexcludingincomeandexcisetaxes": 7042000,
        "explorationexpense": 20190000,
        "depreciationdepletionandamortization": 90293000,
        "generalandadministrativeexpense": 27949000,
        "operatingexpenses": 200738000,
        "gainlossonsaleofoilandgaspropertyandotherlongtermassets": 3854000,
        "operatingincomeloss": 65233000,
        "interestincomeexpensenet": -18517000,
        "incomelossfromcontinuingoperationsbeforeincometaxesminorityinterestandincomelossfromequitymethodinvestments": 46716000,
        "incometaxexpensebenefit": 18234000,
        "netincomelossavailabletocommonstockholdersbasic": 28482000,
        "earningspersharebasic": 0.27,
        "earningspersharediluted": 0.27,
        "weightedaveragenumberofsharesoutstandingbasic": 104285000,
        "weightedaveragenumberofdilutedsharesoutstanding": 105460000,
        "commonstockdividendspersharecashpaid": 0.03
    },
    {
        "date": "2011-06-29",
        "symbol": "CTRA",
        "period": "Q2",
        "naturalgasproductionrevenue": 200357000,
        "brokerednaturalgasrevenue": 11072000,
        "oilandcondensaterevenue": 28042000,
        "othersalesrevenuenet": 1225000,
        "revenues": 240696000,
        "brokerednaturalgascosts": 9796000,
        "directoperatingcosts": 22579000,
        "gasgatheringtransportationmarketingandprocessingcosts": 16074000,
        "taxesexcludingincomeandexcisetaxes": 5877000,
        "explorationexpense": 4592000,
        "depreciationdepletionandamortization": 83225000,
        "generalandadministrativeexpense": 26006000,
        "operatingexpenses": 168149000,
        "gainlossonsaleofoilandgaspropertyandotherlongtermassets": 34071000,
        "operatingincomeloss": 106618000,
        "interestincomeexpensenet": -18044000,
        "incomelossfromcontinuingoperationsbeforeincometaxesminorityinterestandincomelossfromequitymethodinvestments": 88574000,
        "incometaxexpensebenefit": 33897000,
        "netincomeloss": 54677000,
        "earningspersharebasic": 0.53,
        "earningspersharediluted": 0.52,
        "weightedaveragenumberofsharesoutstandingbasic": 104264000,
        "weightedaveragenumberofdilutedsharesoutstanding": 105337000,
        "commonstockdividendspersharecashpaid": 0.03
    },
    {
        "date": "2011-03-30",
        "symbol": "CTRA",
        "period": "Q1",
        "naturalgasproductionrevenue": 170098000,
        "brokerednaturalgasmarginrevenue": 18408000,
        "oilandcondensaterevenue": 18592000,
        "othersalesrevenuenet": 1928000,
        "revenues": 209026000,
        "brokerednaturalgasmargincosts": 15362000,
        "directoperations": 27007000,
        "gasgatheringtransportationmarketingandprocessingcosts": 12868000,
        "taxesexcludingincomeandexcisetaxes": 8151000,
        "explorationexpense": 6308000,
        "depreciationdepletionandamortization": 77124000,
        "generalandadministrativeexpense": 24299000,
        "operatingexpenses": 171119000,
        "gainlossonsaleofoilandgaspropertyandotherlongtermassets": -1517000,
        "operatingincomeloss": 36390000,
        "interestincomeexpensenet": -17367000,
        "incomelossfromcontinuingoperationsbeforeincometaxesminorityinterestandincomelossfromequitymethodinvestments": 19023000,
        "incometaxexpensebenefit": 6137000,
        "netincomeloss": 12886000,
        "earningspersharebasic": 0.12,
        "earningspersharediluted": 0.12,
        "weightedaveragenumberofsharesoutstandingbasic": 104144000,
        "weightedaveragenumberofdilutedsharesoutstanding": 105320000,
        "commonstockdividendspersharedeclared": 0.03
    },
    {
        "date": "2010-09-29",
        "symbol": "CTRA",
        "period": "Q3",
        "naturalgasproductionrevenue": 187094000,
        "brokerednaturalgasmarginrevenue": 11675000,
        "oilandcondensaterevenue": 19234000,
        "othersalesrevenuenet": 1127000,
        "revenues": 219130000,
        "brokerednaturalgasmargincosts": 10281000,
        "directoperationsfieldandpipeline": 26466000,
        "taxesexcludingincomeandexcisetaxes": 8489000,
        "explorationexpense": 9665000,
        "impairmentofoilandgasproperties": 35789000,
        "depreciationdepletionandamortization": 85355000,
        "generalandadministrativeexpense": 21077000,
        "operatingexpenses": 197122000,
        "gainlossonsaleofoilandgasproperty": 265000,
        "operatingincomeloss": 22273000,
        "interestincomeexpensenet": -16758000,
        "incomelossfromcontinuingoperationsbeforeincometaxesminorityinterestandincomelossfromequitymethodinvestments": 5515000,
        "incometaxexpensebenefit": 1617000,
        "netincomeloss": 3898000,
        "earningspersharebasic": 0.04,
        "earningspersharediluted": 0.04,
        "weightedaveragenumberofsharesoutstandingbasic": 103955000,
        "weightedaveragenumberofdilutedsharesoutstanding": 105225000,
        "commonstockdividendspersharedeclared": 0.03
    },
    {
        "date": "2010-06-29",
        "symbol": "CTRA",
        "period": "Q2",
        "naturalgasproductionrevenue": 159761000,
        "brokerednaturalgasmarginrevenue": 13348000,
        "oilandcondensaterevenue": 21211000,
        "othersalesrevenuenet": 1154000,
        "revenues": 195474000,
        "brokerednaturalgasmargincosts": 11793000,
        "directoperationsfieldandpipeline": 24347000,
        "taxesexcludingincomeandexcisetaxes": 11841000,
        "explorationexpense": 10233000,
        "depreciationdepletionandamortization": 67687000,
        "impairmentofoilandgasproperties": 9039000,
        "generalandadministrativeexpense": 12853000,
        "operatingexpenses": 147793000,
        "gainlossonsaleofoilandgasproperty": 4387000,
        "operatingincomeloss": 52068000,
        "interestincomeexpensenet": -15769000,
        "incomelossfromcontinuingoperationsbeforeincometaxesminorityinterestandincomelossfromequitymethodinvestments": 36299000,
        "incometaxexpensebenefit": 14617000,
        "netincomeloss": 21682000,
        "earningspersharebasic": 0.21,
        "earningspersharediluted": 0.21,
        "weightedaveragenumberofsharesoutstandingbasic": 103915000,
        "weightedaveragenumberofdilutedsharesoutstanding": 104964000,
        "commonstockdividendspersharedeclared": 0.03
    },
    {
        "date": "2010-03-30",
        "symbol": "CTRA",
        "period": "Q1",
        "naturalgasproductionrevenue": 166081000,
        "brokerednaturalgasmarginrevenue": 24873000,
        "oilandcondensaterevenue": 19982000,
        "othersalesrevenuenet": 1620000,
        "revenues": 212556000,
        "brokerednaturalgasmargincosts": 21268000,
        "directoperationsfieldandpipeline": 22983000,
        "explorationexpense": 8426000,
        "depreciationdepletionandamortization": 58275000,
        "impairmentofoilandgasproperties": 15223000,
        "generalandadministrativeexpense": 15746000,
        "taxesexcludingincomeandexcisetaxes": 10805000,
        "operatingexpenses": 152726000,
        "gainlossonsaleofoilandgasproperty": 759000,
        "operatingincomeloss": 60589000,
        "interestexpense": 14912000,
        "incomelossfromcontinuingoperationsbeforeincometaxesminorityinterestandincomelossfromequitymethodinvestments": 45677000,
        "incometaxexpensebenefit": 16981000,
        "netincomeloss": 28696000,
        "earningspersharebasic": 0.28,
        "earningspersharediluted": 0.27,
        "weightedaveragenumberofsharesoutstandingbasic": 103794000,
        "weightedaveragenumberofdilutedsharesoutstanding": 104978000,
        "commonstockdividendspersharedeclared": 0.03
    },
    {
        "date": "2009-09-29",
        "symbol": "CTRA",
        "period": "Q3",
        "naturalgasproductionrevenue": 177807000,
        "brokerednaturalgasmarginrevenue": 9032000,
        "oilandcondensaterevenue": 19574000,
        "othersalesrevenuenet": 608000,
        "revenues": 207021000,
        "brokerednaturalgasmargincosts": 7786000,
        "directoperationsfieldandpipeline": 23012000,
        "explorationexpense": 14395000,
        "depreciationdepletionandamortization": 54886000,
        "impairmentofoilandgasproperties": 7151000,
        "generalandadministrativeexpense": 14921000,
        "taxesexcludingincomeandexcisetaxes": 10719000,
        "operatingexpenses": 132870000,
        "gainlossonsaleofoilandgasproperty": 572000,
        "operatingincomeloss": 74723000,
        "interestexpense": 14857000,
        "incomelossfromcontinuingoperationsbeforeincometaxesminorityinterestandincomelossfromequitymethodinvestments": 59866000,
        "incometaxexpensebenefit": 20969000,
        "netincomeloss": 38897000,
        "earningspersharebasic": 0.38,
        "earningspersharediluted": 0.37,
        "weightedaveragenumberofsharesoutstandingbasic": 103647000,
        "weightedaveragenumberofdilutedsharesoutstanding": 104917000
    },
    {
        "date": "2009-06-29",
        "symbol": "CTRA",
        "period": "Q2",
        "naturalgasproductionrevenue": 176213000,
        "brokerednaturalgasmarginrevenue": 11704000,
        "oilandcondensaterevenue": 16210000,
        "othersalesrevenuenet": 697000,
        "revenues": 204824000,
        "brokerednaturalgasmargincosts": 10684000,
        "directoperationsfieldandpipeline": 23073000,
        "explorationexpense": 10397000,
        "depreciationdepletionandamortization": 55108000,
        "impairmentofoilandgasproperties": 6730000,
        "generalandadministrativeexpense": 17117000,
        "taxesexcludingincomeandexcisetaxes": 10914000,
        "operatingexpenses": 134023000,
        "gainlossonsaleofoilandgasproperty": -16562000,
        "operatingincomeloss": 54239000,
        "interestexpense": 15046000,
        "incomelossfromcontinuingoperationsbeforeincometaxesminorityinterestandincomelossfromequitymethodinvestments": 39193000,
        "incometaxexpensebenefit": 13691000,
        "netincomeloss": 25502000,
        "earningspersharebasic": 0.25,
        "earningspersharediluted": 0.24,
        "weightedaveragenumberofsharesoutstandingbasic": 103640000,
        "weightedaveragenumberofdilutedsharesoutstanding": 104815000
    }
]