[
    {
        "date": "2024-11-29",
        "symbol": "PAYX",
        "period": "Q2",
        "revenuefromcontractwithcustomerexcludingassessedtax": 1280800000,
        "interestincomeoperating": 36100000,
        "revenues": 1316900000,
        "costofrevenue": 379100000,
        "sellinggeneralandadministrativeexpense": 399700000,
        "costsandexpenses": 778800000,
        "operatingincomeloss": 538100000,
        "interestincomeexpensenonoperatingnet": 5600000,
        "incomelossfromcontinuingoperationsbeforeincometaxesextraordinaryitemsnoncontrollinginterest": 543700000,
        "incometaxexpensebenefit": 130300000,
        "netincomelossavailabletocommonstockholdersbasic": 413400000,
        "othercomprehensiveincomelossnetoftaxportionattributabletoparent": -11600000,
        "comprehensiveincomenetoftax": 401800000,
        "earningspersharebasic": 1.15,
        "earningspersharediluted": 1.14,
        "weightedaveragenumberofsharesoutstandingbasic": 360000000,
        "weightedaveragenumberofdilutedsharesoutstanding": 361700000
    },
    {
        "date": "2024-08-30",
        "symbol": "PAYX",
        "period": "Q1",
        "revenuefromcontractwithcustomerexcludingassessedtax": 1281000000,
        "interestincomeoperating": 37500000,
        "revenues": 1318500000,
        "costofrevenue": 380000000,
        "sellinggeneralandadministrativeexpense": 391800000,
        "costsandexpenses": 771800000,
        "operatingincomeloss": 546700000,
        "interestincomeexpensenonoperatingnet": 10400000,
        "incomelossfromcontinuingoperationsbeforeincometaxesextraordinaryitemsnoncontrollinginterest": 557100000,
        "incometaxexpensebenefit": 129700000,
        "netincomelossavailabletocommonstockholdersbasic": 427400000,
        "othercomprehensiveincomelossnetoftaxportionattributabletoparent": 64800000,
        "comprehensiveincomenetoftax": 492200000,
        "earningspersharebasic": 1.19,
        "earningspersharediluted": 1.18,
        "weightedaveragenumberofsharesoutstandingbasic": 360100000,
        "weightedaveragenumberofdilutedsharesoutstanding": 361900000
    },
    {
        "date": "2024-05-30",
        "symbol": "PAYX",
        "period": "Q4",
        "revenuefromcontractwithcustomerexcludingassessedtax": 930300000,
        "interestincomeoperating": 38200000,
        "revenues": 1295100000,
        "costofrevenue": 375200000,
        "sellinggeneralandadministrativeexpense": 438100000,
        "costsandexpenses": 813300000,
        "operatingincomeloss": 481800000,
        "interestincomeexpensenonoperatingnet": 10000000,
        "incomelossfromcontinuingoperationsbeforeincometaxesextraordinaryitemsnoncontrollinginterest": 491800000,
        "incometaxexpensebenefit": 111900000,
        "netincomelossavailabletocommonstockholdersbasic": 379900000,
        "othercomprehensiveincomelossnetoftaxportionattributabletoparent": 100000,
        "comprehensiveincomenetoftax": 380000000,
        "earningspersharebasic": 1.050000000000001,
        "earningspersharediluted": 1.05,
        "weightedaveragenumberofsharesoutstandingbasic": 360300000,
        "weightedaveragenumberofdilutedsharesoutstanding": 362100000
    },
    {
        "date": "2024-02-28",
        "symbol": "PAYX",
        "period": "Q3",
        "revenuefromcontractwithcustomerexcludingassessedtax": 1049900000,
        "interestincomeoperating": 43900000,
        "revenues": 1439300000,
        "costofrevenue": 379800000,
        "sellinggeneralandadministrativeexpense": 409700000,
        "costsandexpenses": 789500000,
        "operatingincomeloss": 649800000,
        "interestincomeexpensenonoperatingnet": 9400000,
        "incomelossfromcontinuingoperationsbeforeincometaxesextraordinaryitemsnoncontrollinginterest": 659200000,
        "incometaxexpensebenefit": 160600000,
        "netincomelossavailabletocommonstockholdersbasic": 498600000,
        "othercomprehensiveincomelossnetoftaxportionattributabletoparent": 22000000,
        "comprehensiveincomenetoftax": 520600000,
        "earningspersharebasic": 1.39,
        "earningspersharediluted": 1.38,
        "weightedaveragenumberofsharesoutstandingbasic": 359900000,
        "weightedaveragenumberofdilutedsharesoutstanding": 361700000
    },
    {
        "date": "2023-11-29",
        "symbol": "PAYX",
        "period": "Q2",
        "revenuefromcontractwithcustomerexcludingassessedtax": 930700000,
        "interestincomeoperating": 31500000,
        "revenues": 1257900000,
        "costofrevenue": 364100000,
        "sellinggeneralandadministrativeexpense": 387600000,
        "costsandexpenses": 751700000,
        "operatingincomeloss": 506200000,
        "interestincomeexpensenonoperatingnet": 11700000,
        "incomelossfromcontinuingoperationsbeforeincometaxesextraordinaryitemsnoncontrollinginterest": 517900000,
        "incometaxexpensebenefit": 125200000,
        "netincomelossavailabletocommonstockholdersbasic": 392700000,
        "othercomprehensiveincomelossnetoftaxportionattributabletoparent": 15900000,
        "comprehensiveincomenetoftax": 408600000,
        "earningspersharebasic": 1.09,
        "earningspersharediluted": 1.08,
        "weightedaveragenumberofsharesoutstandingbasic": 360500000,
        "weightedaveragenumberofdilutedsharesoutstanding": 362100000
    },
    {
        "date": "2023-08-30",
        "symbol": "PAYX",
        "period": "Q1",
        "revenuefromcontractwithcustomerexcludingassessedtax": 955500000,
        "interestincomeoperating": 32700000,
        "revenues": 1286000000,
        "costofrevenue": 360200000,
        "sellinggeneralandadministrativeexpense": 389500000,
        "costsandexpenses": 749700000,
        "operatingincomeloss": 536300000,
        "interestincomeexpensenonoperatingnet": 12800000,
        "incomelossfromcontinuingoperationsbeforeincometaxesextraordinaryitemsnoncontrollinginterest": 549100000,
        "incometaxexpensebenefit": 129900000,
        "netincomelossavailabletocommonstockholdersbasic": 419200000,
        "othercomprehensiveincomelossnetoftaxportionattributabletoparent": -23200000,
        "comprehensiveincomenetoftax": 396000000,
        "earningspersharebasic": 1.16,
        "earningspersharediluted": 1.16,
        "weightedaveragenumberofsharesoutstandingbasic": 360800000,
        "weightedaveragenumberofdilutedsharesoutstanding": 362800000
    },
    {
        "date": "2023-05-30",
        "symbol": "PAYX",
        "period": "Q4",
        "revenuefromcontractwithcustomerexcludingassessedtax": 905200000,
        "interestincomeoperating": 24900000,
        "revenues": 1229600000,
        "costofrevenue": 369800000,
        "sellinggeneralandadministrativeexpense": 406500000,
        "costsandexpenses": 776300000,
        "operatingincomeloss": 453300000,
        "interestincomeexpensenonoperatingnet": 10300000,
        "incomelossfromcontinuingoperationsbeforeincometaxesextraordinaryitemsnoncontrollinginterest": 463600000,
        "incometaxexpensebenefit": 113200000,
        "netincomelossavailabletocommonstockholdersbasic": 350400000,
        "othercomprehensiveincomelossnetoftaxportionattributabletoparent": 44300000,
        "comprehensiveincomenetoftax": 394700000,
        "earningspersharebasic": 0.9700000000000004,
        "earningspersharediluted": 0.9699999999999995,
        "weightedaveragenumberofsharesoutstandingbasic": -720700000,
        "weightedaveragenumberofdilutedsharesoutstanding": -724700000
    },
    {
        "date": "2023-02-27",
        "symbol": "PAYX",
        "period": "Q3",
        "revenuefromcontractwithcustomerexcludingassessedtax": 1024500000,
        "interestincomeoperating": 35300000,
        "revenues": 1381000000,
        "costofrevenue": 372900000,
        "sellinggeneralandadministrativeexpense": 396200000,
        "costsandexpenses": 769100000,
        "operatingincomeloss": 611900000,
        "interestincomeexpensenonoperatingnet": 5500000,
        "incomelossfromcontinuingoperationsbeforeincometaxesextraordinaryitemsnoncontrollinginterest": 617400000,
        "incometaxexpensebenefit": 150000000,
        "netincomelossavailabletocommonstockholdersbasic": 467400000,
        "othercomprehensiveincomelossnetoftaxportionattributabletoparent": -5900000,
        "comprehensiveincomenetoftax": 461500000,
        "earningspersharebasic": 1.3,
        "earningspersharediluted": 1.29,
        "weightedaveragenumberofsharesoutstandingbasic": 360500000,
        "weightedaveragenumberofdilutedsharesoutstanding": 362300000
    },
    {
        "date": "2022-11-29",
        "symbol": "PAYX",
        "period": "Q2",
        "revenuefromcontractwithcustomerexcludingassessedtax": 895300000,
        "interestincomeoperating": 21700000,
        "revenues": 1190300000,
        "costofrevenue": 359300000,
        "sellinggeneralandadministrativeexpense": 358700000,
        "costsandexpenses": 718000000,
        "operatingincomeloss": 472300000,
        "interestincomeexpensenonoperatingnet": 2900000,
        "incomelossfromcontinuingoperationsbeforeincometaxesextraordinaryitemsnoncontrollinginterest": 475200000,
        "incometaxexpensebenefit": 114900000,
        "netincomelossavailabletocommonstockholdersbasic": 360300000,
        "othercomprehensiveincomelossnetoftaxportionattributabletoparent": -26900000,
        "comprehensiveincomenetoftax": 333400000,
        "earningspersharebasic": 1,
        "earningspersharediluted": 0.99,
        "weightedaveragenumberofsharesoutstandingbasic": 360500000,
        "weightedaveragenumberofdilutedsharesoutstanding": 362300000
    },
    {
        "date": "2022-08-30",
        "symbol": "PAYX",
        "period": "Q1",
        "revenuefromcontractwithcustomerexcludingassessedtax": 905500000,
        "interestincomeoperating": 17900000,
        "revenues": 1206200000,
        "costofrevenue": 351000000,
        "sellinggeneralandadministrativeexpense": 359600000,
        "costsandexpenses": 710600000,
        "operatingincomeloss": 495600000,
        "interestincomeexpensenonoperatingnet": -3600000,
        "incomelossfromcontinuingoperationsbeforeincometaxesextraordinaryitemsnoncontrollinginterest": 492000000,
        "incometaxexpensebenefit": 112800000,
        "netincomelossavailabletocommonstockholdersbasic": 379200000,
        "othercomprehensiveincomelossnetoftaxportionattributabletoparent": -37500000,
        "comprehensiveincomenetoftax": 341700000,
        "earningspersharebasic": 1.05,
        "earningspersharediluted": 1.05,
        "weightedaveragenumberofsharesoutstandingbasic": 360100000,
        "weightedaveragenumberofdilutedsharesoutstanding": 362400000
    },
    {
        "date": "2022-02-27",
        "symbol": "PAYX",
        "period": "Q3",
        "revenuefromcontractwithcustomerexcludingassessedtax": 959900000,
        "interestincomeoperating": 14400000,
        "revenues": 1276000000,
        "costofrevenue": 352200000,
        "sellinggeneralandadministrativeexpense": 361000000,
        "costsandexpenses": 713200000,
        "operatingincomeloss": 562800000,
        "interestincomeexpensenonoperatingnet": -8500000,
        "incomelossfromcontinuingoperationsbeforeincometaxesextraordinaryitemsnoncontrollinginterest": 554300000,
        "incometaxexpensebenefit": 123600000,
        "netincomelossavailabletocommonstockholdersbasic": 430700000,
        "othercomprehensiveincomelossnetoftaxportionattributabletoparent": -50800000,
        "comprehensiveincomenetoftax": 379900000,
        "earningspersharebasic": 1.19,
        "earningspersharediluted": 1.19,
        "weightedaveragenumberofsharesoutstandingbasic": 360900000,
        "weightedaveragenumberofdilutedsharesoutstanding": 363400000
    },
    {
        "date": "2021-11-29",
        "symbol": "PAYX",
        "period": "Q2",
        "revenuefromcontractwithcustomerexcludingassessedtax": 832000000,
        "interestincomeoperating": 14100000,
        "revenues": 1108500000,
        "costofrevenue": 331600000,
        "sellinggeneralandadministrativeexpense": 336600000,
        "costsandexpenses": 668200000,
        "operatingincomeloss": 440300000,
        "interestincomeexpensenonoperatingnet": -2700000,
        "incomelossfromcontinuingoperationsbeforeincometaxesextraordinaryitemsnoncontrollinginterest": 437600000,
        "incometaxexpensebenefit": 105500000,
        "netincomelossavailabletocommonstockholdersbasic": 332100000,
        "othercomprehensiveincomelossnetoftaxportionattributabletoparent": -41300000,
        "comprehensiveincomenetoftax": 290800000,
        "earningspersharebasic": 0.92,
        "earningspersharediluted": 0.91,
        "weightedaveragenumberofsharesoutstandingbasic": 360700000,
        "weightedaveragenumberofdilutedsharesoutstanding": 363100000
    },
    {
        "date": "2021-08-30",
        "symbol": "PAYX",
        "period": "Q1",
        "revenuefromcontractwithcustomerexcludingassessedtax": 805500000,
        "interestincomeoperating": 14500000,
        "revenues": 1082900000,
        "costofrevenue": 312500000,
        "sellinggeneralandadministrativeexpense": 327500000,
        "costsandexpenses": 640000000,
        "operatingincomeloss": 442900000,
        "interestincomeexpensenonoperatingnet": 1000000,
        "incomelossfromcontinuingoperationsbeforeincometaxesextraordinaryitemsnoncontrollinginterest": 443900000,
        "incometaxexpensebenefit": 110300000,
        "netincomelossavailabletocommonstockholdersbasic": 333600000,
        "othercomprehensiveincomelossnetoftaxportionattributabletoparent": -6700000,
        "comprehensiveincomenetoftax": 326900000,
        "earningspersharebasic": 0.93,
        "earningspersharediluted": 0.92,
        "weightedaveragenumberofsharesoutstandingbasic": 360100000,
        "weightedaveragenumberofdilutedsharesoutstanding": 362800000
    },
    {
        "date": "2021-05-30",
        "symbol": "PAYX",
        "period": "Q4",
        "revenuefromcontractwithcustomerexcludingassessedtax": 756400000,
        "interestincomeoperating": 14500000,
        "revenues": 1029200000,
        "costofrevenue": 315800000,
        "sellinggeneralandadministrativeexpense": 359600000,
        "costsandexpenses": 675400000,
        "operatingincomeloss": 353800000,
        "interestincomeexpensenonoperatingnet": -7900000,
        "incomelossfromcontinuingoperationsbeforeincometaxesextraordinaryitemsnoncontrollinginterest": 345900000,
        "incometaxexpensebenefit": 82900000,
        "netincomelossavailabletocommonstockholdersbasic": 263000000,
        "othercomprehensiveincomelossnetoftaxportionattributabletoparent": -5400000,
        "comprehensiveincomenetoftax": 257600000,
        "earningspersharebasic": 0.7300000000000001,
        "earningspersharediluted": 0.7199999999999996,
        "weightedaveragenumberofsharesoutstandingbasic": -719800000,
        "weightedaveragenumberofdilutedsharesoutstanding": -724000000
    },
    {
        "date": "2021-02-27",
        "symbol": "PAYX",
        "period": "Q3",
        "revenuefromcontractwithcustomerexcludingassessedtax": 846800000,
        "interestincomeoperating": 15100000,
        "revenues": 1111700000,
        "costofrevenue": 328400000,
        "sellinggeneralandadministrativeexpense": 314700000,
        "costsandexpenses": 643100000,
        "operatingincomeloss": 468600000,
        "interestincomeexpensenonoperatingnet": -6000000,
        "incomelossfromcontinuingoperationsbeforeincometaxesextraordinaryitemsnoncontrollinginterest": 462600000,
        "incometaxexpensebenefit": 112100000,
        "netincomelossavailabletocommonstockholdersbasic": 350500000,
        "othercomprehensiveincomelossnetoftaxportionattributabletoparent": -15900000,
        "comprehensiveincomenetoftax": 334600000,
        "earningspersharebasic": 0.97,
        "earningspersharediluted": 0.97,
        "weightedaveragenumberofsharesoutstandingbasic": 360600000,
        "weightedaveragenumberofdilutedsharesoutstanding": 362800000
    },
    {
        "date": "2020-11-29",
        "symbol": "PAYX",
        "period": "Q2",
        "revenuefromcontractwithcustomerexcludingassessedtax": 732800000,
        "interestincomeoperating": 14800000,
        "revenues": 983700000,
        "costofrevenue": 319900000,
        "sellinggeneralandadministrativeexpense": 309500000,
        "costsandexpenses": 629400000,
        "operatingincomeloss": 354300000,
        "interestincomeexpensenonoperatingnet": -4700000,
        "incomelossfromcontinuingoperationsbeforeincometaxesextraordinaryitemsnoncontrollinginterest": 349600000,
        "incometaxexpensebenefit": 77200000,
        "netincomelossavailabletocommonstockholdersbasic": 272400000,
        "othercomprehensiveincomelossnetoftaxportionattributabletoparent": -6400000,
        "comprehensiveincomenetoftax": 266000000,
        "earningspersharebasic": 0.76,
        "earningspersharediluted": 0.75,
        "weightedaveragenumberofsharesoutstandingbasic": 360000000,
        "weightedaveragenumberofdilutedsharesoutstanding": 362000000
    },
    {
        "date": "2020-08-30",
        "symbol": "PAYX",
        "period": "Q1",
        "revenuefromcontractwithcustomerexcludingassessedtax": 687400000,
        "interestincomeoperating": 14900000,
        "revenues": 932200000,
        "costofrevenue": 307100000,
        "sellinggeneralandadministrativeexpense": 341100000,
        "costsandexpenses": 648200000,
        "operatingincomeloss": 284000000,
        "interestincomeexpensenonoperatingnet": -7900000,
        "incomelossfromcontinuingoperationsbeforeincometaxesextraordinaryitemsnoncontrollinginterest": 276100000,
        "incometaxexpensebenefit": 64500000,
        "netincomelossavailabletocommonstockholdersbasic": 211600000,
        "othercomprehensiveincomelossnetoftaxportionattributabletoparent": 23000000,
        "comprehensiveincomenetoftax": 234600000,
        "earningspersharebasic": 0.59,
        "earningspersharediluted": 0.59,
        "weightedaveragenumberofsharesoutstandingbasic": 359100000,
        "weightedaveragenumberofdilutedsharesoutstanding": 361300000
    },
    {
        "date": "2020-05-30",
        "symbol": "PAYX",
        "period": "Q4",
        "revenuefromcontractwithcustomerexcludingassessedtax": 661800000,
        "interestincomeoperating": 25300000,
        "revenues": 915100000,
        "sellinggeneralandadministrativeexpense": 323800000,
        "operatingincomeloss": 299600000,
        "interestincomeexpensenonoperatingnet": -8000000,
        "incomelossfromcontinuingoperationsbeforeincometaxesextraordinaryitemsnoncontrollinginterest": 291600000,
        "incometaxexpensebenefit": 70900000,
        "netincomelossavailabletocommonstockholdersbasic": 220700000,
        "othercomprehensiveincomelossnetoftaxportionattributabletoparent": 11300000,
        "comprehensiveincomenetoftax": 232000000,
        "earningspersharebasic": 0.6100000000000003,
        "earningspersharediluted": 0.6100000000000001,
        "weightedaveragenumberofsharesoutstandingbasic": -716700000,
        "weightedaveragenumberofdilutedsharesoutstanding": -722100000
    },
    {
        "date": "2020-02-28",
        "symbol": "PAYX",
        "period": "Q3",
        "revenuefromcontractwithcustomerexcludingassessedtax": 850000000,
        "interestincomeoperating": 21200000,
        "revenues": 1142700000,
        "operatingcostsandexpenses": 340300000,
        "sellinggeneralandadministrativeexpense": 332300000,
        "operatingexpenses": 672600000,
        "operatingincomeloss": 470100000,
        "interestincomeexpensenonoperatingnet": -5900000,
        "incomelossfromcontinuingoperationsbeforeincometaxesextraordinaryitemsnoncontrollinginterest": 464200000,
        "incometaxexpensebenefit": 109700000,
        "netincomelossavailabletocommonstockholdersbasic": 354500000,
        "othercomprehensiveincomelossnetoftaxportionattributabletoparent": 33600000,
        "comprehensiveincomenetoftax": 388100000,
        "earningspersharebasic": 0.99,
        "earningspersharediluted": 0.98,
        "weightedaveragenumberofsharesoutstandingbasic": 358500000,
        "weightedaveragenumberofdilutedsharesoutstanding": 361000000
    },
    {
        "date": "2019-11-29",
        "symbol": "PAYX",
        "period": "Q2",
        "revenuefromcontractwithcustomerexcludingassessedtax": 726700000,
        "interestincomeoperating": 19900000,
        "revenues": 990700000,
        "operatingcostsandexpenses": 323400000,
        "sellinggeneralandadministrativeexpense": 325600000,
        "operatingexpenses": 649000000,
        "operatingincomeloss": 341700000,
        "interestincomeexpensenonoperatingnet": -4700000,
        "incomelossfromcontinuingoperationsbeforeincometaxesextraordinaryitemsnoncontrollinginterest": 337000000,
        "incometaxexpensebenefit": 78300000,
        "netincomelossavailabletocommonstockholdersbasic": 258700000,
        "othercomprehensiveincomelossnetoftaxportionattributabletoparent": -14900000,
        "comprehensiveincomenetoftax": 243800000,
        "earningspersharebasic": 0.72,
        "earningspersharediluted": 0.72,
        "weightedaveragenumberofsharesoutstandingbasic": 358100000,
        "weightedaveragenumberofdilutedsharesoutstanding": 360600000
    },
    {
        "date": "2019-08-30",
        "symbol": "PAYX",
        "period": "Q1",
        "revenuefromcontractwithcustomerexcludingassessedtax": 724500000,
        "interestincomeoperating": 20500000,
        "revenues": 992000000,
        "operatingcostsandexpenses": 325400000,
        "sellinggeneralandadministrativeexpense": 317500000,
        "operatingexpenses": 642900000,
        "operatingincomeloss": 349100000,
        "interestincomeexpensenonoperatingnet": -4800000,
        "incomelossfromcontinuingoperationsbeforeincometaxesextraordinaryitemsnoncontrollinginterest": 344300000,
        "incometaxexpensebenefit": 80100000,
        "netincomelossavailabletocommonstockholdersbasic": 264200000,
        "othercomprehensiveincomelossnetoftaxportionattributabletoparent": 26400000,
        "comprehensiveincomenetoftax": 290600000,
        "earningspersharebasic": 0.74,
        "earningspersharediluted": 0.73,
        "weightedaveragenumberofsharesoutstandingbasic": 358600000,
        "weightedaveragenumberofdilutedsharesoutstanding": 361500000
    },
    {
        "date": "2019-02-27",
        "symbol": "PAYX",
        "period": "Q3",
        "revenuefromcontractwithcustomerexcludingassessedtax": 245800000,
        "interestincomeoperating": 23000000,
        "revenues": 72700000,
        "operatingcostsandexpenses": 325300000,
        "sellinggeneralandadministrativeexpense": 315800000,
        "operatingexpenses": 641100000,
        "operatingincomeloss": 429300000,
        "interestincomeexpensenonoperatingnet": -3700000,
        "incomelossfromcontinuingoperationsbeforeincometaxesextraordinaryitemsnoncontrollinginterest": 425600000,
        "incometaxexpensebenefit": 101000000,
        "netincomelossavailabletocommonstockholdersbasic": 324600000,
        "othercomprehensiveincomelossnetoftaxportionattributabletoparent": 28100000,
        "comprehensiveincomenetoftax": 352700000,
        "earningspersharebasic": 0.9,
        "earningspersharediluted": 0.9,
        "weightedaveragenumberofsharesoutstandingbasic": 359200000,
        "weightedaveragenumberofdilutedsharesoutstanding": 361600000
    },
    {
        "date": "2018-11-29",
        "symbol": "PAYX",
        "period": "Q2",
        "revenuefromcontractwithcustomerexcludingassessedtax": 155200000,
        "interestincomeoperating": 18300000,
        "revenues": 858900000,
        "operatingcostsandexpenses": 264900000,
        "sellinggeneralandadministrativeexpense": 286800000,
        "operatingexpenses": 551700000,
        "operatingincomeloss": 307200000,
        "interestincomeexpensenonoperatingnet": 2100000,
        "incomelossfromcontinuingoperationsbeforeincometaxesextraordinaryitemsnoncontrollinginterest": 309300000,
        "incometaxexpensebenefit": 73500000,
        "netincomelossavailabletocommonstockholdersbasic": 235800000,
        "othercomprehensiveincomelossnetoftaxportionattributabletoparent": -11600000,
        "comprehensiveincomenetoftax": 224200000,
        "earningspersharebasic": 0.66,
        "earningspersharediluted": 0.65,
        "weightedaveragenumberofsharesoutstandingbasic": 359100000,
        "weightedaveragenumberofdilutedsharesoutstanding": 361500000
    },
    {
        "date": "2018-08-30",
        "symbol": "PAYX",
        "period": "Q1",
        "revenuefromcontractwithcustomerincludingassessedtax": 158000000,
        "interestincomeoperating": 17100000,
        "revenues": 862800000,
        "operatingcostsandexpenses": 265500000,
        "sellinggeneralandadministrativeexpense": 277000000,
        "operatingexpenses": 542500000,
        "operatingincomeloss": 320300000,
        "interestincomeexpensenonoperatingnet": 2300000,
        "incomelossfromcontinuingoperationsbeforeincometaxesextraordinaryitemsnoncontrollinginterest": 322600000,
        "incometaxexpensebenefit": 79000000,
        "netincomelossavailabletocommonstockholdersbasic": 243600000,
        "othercomprehensiveincomelossnetoftaxportionattributabletoparent": 400000,
        "comprehensiveincomenetoftax": 244000000,
        "earningspersharebasic": 0.68,
        "earningspersharediluted": 0.67,
        "weightedaveragenumberofsharesoutstandingbasic": 359100000,
        "weightedaveragenumberofdilutedsharesoutstanding": 361500000,
        "commonstockdividendspersharecashpaid": 0.56
    },
    {
        "date": "2018-05-30",
        "symbol": "PAYX",
        "period": "Q4",
        "salesrevenueservicesnet": 853400000,
        "interestincomeoperating": 17700000,
        "revenues": 871100000,
        "operatingcostsandexpenses": 266300000,
        "sellinggeneralandadministrativeexpense": 287000000,
        "operatingexpenses": 553300000,
        "operatingincomeloss": 317800000,
        "interestincomeexpensenonoperatingnet": 2500000,
        "incomelossfromcontinuingoperationsbeforeincometaxesextraordinaryitemsnoncontrollinginterest": 320300000,
        "incometaxexpensebenefit": 91800000,
        "netincomelossavailabletocommonstockholdersbasic": 228500000,
        "othercomprehensiveincomelossnetoftaxportionattributabletoparent": -9500000,
        "comprehensiveincomenetoftax": 219000000,
        "earningspersharebasic": 0.6500000000000002,
        "earningspersharediluted": 0.6300000000000002,
        "weightedaveragenumberofsharesoutstandingbasic": -718200000,
        "weightedaveragenumberofdilutedsharesoutstanding": -723200000,
        "commonstockdividendspersharecashpaid": 0.56
    },
    {
        "date": "2018-02-27",
        "symbol": "PAYX",
        "period": "Q3",
        "salesrevenueservicesnet": 848400000,
        "interestincomeoperating": 18100000,
        "revenues": 866500000,
        "operatingcostsandexpenses": 270700000,
        "sellinggeneralandadministrativeexpense": 303300000,
        "operatingexpenses": 574000000,
        "operatingincomeloss": 292500000,
        "interestincomeexpensenonoperatingnet": 2300000,
        "incomelossfromcontinuingoperationsbeforeincometaxesextraordinaryitemsnoncontrollinginterest": 294800000,
        "incometaxexpensebenefit": 34400000,
        "netincomelossavailabletocommonstockholdersbasic": 260400000,
        "othercomprehensiveincomelossavailableforsalesecuritiesadjustmentnetoftax": -17500000,
        "othercomprehensiveincomelossnetoftaxportionattributabletoparent": -17500000,
        "comprehensiveincomenetoftax": 242900000,
        "earningspersharebasic": 0.72,
        "earningspersharediluted": 0.72,
        "weightedaveragenumberofsharesoutstandingbasic": 359200000,
        "weightedaveragenumberofdilutedsharesoutstanding": 362000000,
        "commonstockdividendspersharecashpaid": 0.5
    },
    {
        "date": "2017-11-29",
        "symbol": "PAYX",
        "period": "Q2",
        "salesrevenueservicesnet": 812500000,
        "interestincomeoperating": 14000000,
        "revenues": 826500000,
        "operatingcostsandexpenses": 248700000,
        "sellinggeneralandadministrativeexpense": 245600000,
        "operatingexpenses": 494300000,
        "operatingincomeloss": 332200000,
        "interestincomeexpensenonoperatingnet": 1700000,
        "incomelossfromcontinuingoperationsbeforeincometaxesextraordinaryitemsnoncontrollinginterest": 333900000,
        "incometaxexpensebenefit": 116900000,
        "netincomelossavailabletocommonstockholdersbasic": 217000000,
        "othercomprehensiveincomelossavailableforsalesecuritiesadjustmentnetoftax": -33600000,
        "othercomprehensiveincomelossnetoftaxportionattributabletoparent": -33600000,
        "comprehensiveincomenetoftax": 183400000,
        "earningspersharebasic": 0.6,
        "earningspersharediluted": 0.6,
        "weightedaveragenumberofsharesoutstandingbasic": 359100000,
        "weightedaveragenumberofdilutedsharesoutstanding": 361400000,
        "commonstockdividendspersharecashpaid": 0.5
    },
    {
        "date": "2017-08-30",
        "symbol": "PAYX",
        "period": "Q1",
        "salesrevenueservicesnet": 803100000,
        "interestincomeoperating": 13700000,
        "revenues": 816800000,
        "operatingcostsandexpenses": 232100000,
        "sellinggeneralandadministrativeexpense": 239700000,
        "operatingexpenses": 471800000,
        "operatingincomeloss": 345000000,
        "interestincomeexpensenonoperatingnet": 2100000,
        "incomelossfromcontinuingoperationsbeforeincometaxesextraordinaryitemsnoncontrollinginterest": 347100000,
        "incometaxexpensebenefit": 119300000,
        "netincomelossavailabletocommonstockholdersbasic": 227800000,
        "othercomprehensiveincomelossavailableforsalesecuritiesadjustmentnetoftax": 4400000,
        "othercomprehensiveincomelossnetoftaxportionattributabletoparent": 4400000,
        "comprehensiveincomenetoftax": 232200000,
        "earningspersharebasic": 0.63,
        "earningspersharediluted": 0.63,
        "weightedaveragenumberofsharesoutstandingbasic": 358900000,
        "weightedaveragenumberofdilutedsharesoutstanding": 361300000,
        "commonstockdividendspersharecashpaid": 0.5
    },
    {
        "date": "2017-05-30",
        "symbol": "PAYX",
        "period": "Q4",
        "salesrevenueservicesnet": 784600000,
        "interestincomeoperating": 14000000,
        "revenues": 798600000,
        "operatingcostsandexpenses": 231400000,
        "sellinggeneralandadministrativeexpense": 268300000,
        "operatingexpenses": 499700000,
        "operatingincomeloss": 298900000,
        "interestincomeexpensenonoperatingnet": 1600000,
        "incomelossfromcontinuingoperationsbeforeincometaxesextraordinaryitemsnoncontrollinginterest": 300500000,
        "incometaxexpensebenefit": 105200000,
        "netincomelossavailabletocommonstockholdersbasic": 195300000,
        "othercomprehensiveincomelossnetoftaxportionattributabletoparent": 15400000,
        "comprehensiveincomenetoftax": 210700000,
        "earningspersharebasic": 0.5499999999999999,
        "earningspersharediluted": 0.5299999999999999,
        "weightedaveragenumberofsharesoutstandingbasic": -720400000,
        "weightedaveragenumberofdilutedsharesoutstanding": -725900000,
        "commonstockdividendspersharecashpaid": 0.46000000000000013
    },
    {
        "date": "2017-02-27",
        "symbol": "PAYX",
        "period": "Q3",
        "salesrevenueservicesnet": 782600000,
        "interestincomeoperating": 13200000,
        "revenues": 795800000,
        "operatingcostsandexpenses": 236800000,
        "sellinggeneralandadministrativeexpense": 252400000,
        "operatingexpenses": 489200000,
        "operatingincomeloss": 306600000,
        "interestincomeexpensenonoperatingnet": 1200000,
        "incomelossfromcontinuingoperationsbeforeincometaxesextraordinaryitemsnoncontrollinginterest": 307800000,
        "incometaxexpensebenefit": 105300000,
        "netincomelossavailabletocommonstockholdersbasic": 202500000,
        "othercomprehensiveincomeunrealizedholdinggainlossonsecuritiesarisingduringperiodnetoftax": 21400000,
        "othercomprehensiveincomelossnetoftaxportionattributabletoparent": 21400000,
        "comprehensiveincomenetoftax": 223900000,
        "earningspersharebasic": 0.56,
        "earningspersharediluted": 0.56,
        "weightedaveragenumberofsharesoutstandingbasic": 359000000,
        "weightedaveragenumberofdilutedsharesoutstanding": 361800000,
        "commonstockdividendspersharecashpaid": 0.46
    },
    {
        "date": "2016-11-29",
        "symbol": "PAYX",
        "period": "Q2",
        "salesrevenueservicesnet": 760000000,
        "interestincomeoperating": 11400000,
        "revenues": 771400000,
        "operatingcostsandexpenses": 226300000,
        "sellinggeneralandadministrativeexpense": 234000000,
        "operatingexpenses": 460300000,
        "operatingincomeloss": 311100000,
        "interestincomeexpensenonoperatingnet": 900000,
        "incomelossfromcontinuingoperationsbeforeincometaxesextraordinaryitemsnoncontrollinginterest": 312000000,
        "incometaxexpensebenefit": 109900000,
        "netincomelossavailabletocommonstockholdersbasic": 202100000,
        "othercomprehensiveincomeunrealizedholdinggainlossonsecuritiesarisingduringperiodnetoftax": -56000000,
        "othercomprehensiveincomelossnetoftaxportionattributabletoparent": -56000000,
        "comprehensiveincomenetoftax": 146100000,
        "earningspersharebasic": 0.56,
        "earningspersharediluted": 0.56,
        "weightedaveragenumberofsharesoutstandingbasic": 360200000,
        "weightedaveragenumberofdilutedsharesoutstanding": 362600000,
        "commonstockdividendspersharecashpaid": 0.46
    },
    {
        "date": "2016-08-30",
        "symbol": "PAYX",
        "period": "Q1",
        "salesrevenueservicesnet": 773500000,
        "interestincomeoperating": 12000000,
        "revenues": 785500000,
        "operatingcostsandexpenses": 225100000,
        "sellinggeneralandadministrativeexpense": 237400000,
        "operatingexpenses": 462500000,
        "operatingincomeloss": 323000000,
        "interestincomeexpensenonoperatingnet": 1500000,
        "incomelossfromcontinuingoperationsbeforeincometaxesextraordinaryitemsnoncontrollinginterest": 324500000,
        "incometaxexpensebenefit": 107100000,
        "netincomelossavailabletocommonstockholdersbasic": 217400000,
        "othercomprehensiveincomeunrealizedholdinggainlossonsecuritiesarisingduringperiodnetoftax": 10000000,
        "othercomprehensiveincomelossnetoftaxportionattributabletoparent": 10000000,
        "comprehensiveincomenetoftax": 227400000,
        "earningspersharebasic": 0.6,
        "earningspersharediluted": 0.6,
        "weightedaveragenumberofsharesoutstandingbasic": 361000000,
        "weightedaveragenumberofdilutedsharesoutstanding": 364100000,
        "commonstockdividendspersharecashpaid": 0.46
    },
    {
        "date": "2016-05-30",
        "symbol": "PAYX",
        "period": "Q4",
        "salesrevenueservicesnet": 741600000,
        "interestincomeoperating": 12300000,
        "revenues": 753900000,
        "operatingcostsandexpenses": 220300000,
        "sellinggeneralandadministrativeexpense": 257300000,
        "operatingexpenses": 477600000,
        "operatingincomeloss": 276300000,
        "interestincomeexpensenonoperatingnet": -200000,
        "incomelossfromcontinuingoperationsbeforeincometaxesextraordinaryitemsnoncontrollinginterest": 276100000,
        "incometaxexpensebenefit": 98000000,
        "othercomprehensiveincomeavailableforsalesecuritiesadjustmentnetoftaxportionattributabletoparent": -8300000,
        "othercomprehensiveincomelossnetoftaxportionattributabletoparent": -8300000,
        "comprehensiveincomenetoftax": 169800000,
        "earningspersharebasic": 0.5000000000000001,
        "earningspersharediluted": 0.4899999999999999,
        "weightedaveragenumberofsharesoutstandingbasic": -721600000,
        "weightedaveragenumberofdilutedsharesoutstanding": -724800000,
        "commonstockdividendspersharecashpaid": 0.4200000000000001
    },
    {
        "date": "2016-02-28",
        "symbol": "PAYX",
        "period": "Q3",
        "salesrevenueservicesnet": 740700000,
        "interestincomeoperating": 11900000,
        "revenues": 752600000,
        "operatingcostsandexpenses": 225900000,
        "sellinggeneralandadministrativeexpense": 246700000,
        "operatingexpenses": 472600000,
        "operatingincomeloss": 280000000,
        "interestincomeexpensenonoperatingnet": 1700000,
        "incomelossfromcontinuingoperationsbeforeincometaxesextraordinaryitemsnoncontrollinginterest": 281700000,
        "incometaxexpensebenefit": 101300000,
        "netincomeloss": 180400000,
        "othercomprehensiveincomeavailableforsalesecuritiesadjustmentnetoftaxportionattributabletoparent": 17200000,
        "othercomprehensiveincomelossnetoftaxportionattributabletoparent": 17200000,
        "comprehensiveincomenetoftax": 197600000,
        "earningspersharebasic": 0.5,
        "earningspersharediluted": 0.5,
        "weightedaveragenumberofsharesoutstandingbasic": 360500000,
        "weightedaveragenumberofdilutedsharesoutstanding": 362200000,
        "commonstockdividendspersharecashpaid": 0.42
    },
    {
        "date": "2015-11-29",
        "symbol": "PAYX",
        "period": "Q2",
        "salesrevenueservicesnet": 711300000,
        "interestincomeoperating": 11100000,
        "revenues": 722400000,
        "operatingcostsandexpenses": 205200000,
        "sellinggeneralandadministrativeexpense": 223000000,
        "operatingexpenses": 428200000,
        "operatingincomeloss": 294200000,
        "interestincomeexpensenonoperatingnet": 1600000,
        "incomelossfromcontinuingoperationsbeforeincometaxesextraordinaryitemsnoncontrollinginterest": 295800000,
        "incometaxexpensebenefit": 106600000,
        "netincomeloss": 189200000,
        "othercomprehensiveincomeavailableforsalesecuritiesadjustmentnetoftaxportionattributabletoparent": 6500000,
        "othercomprehensiveincomelossnetoftaxportionattributabletoparent": 6500000,
        "comprehensiveincomenetoftax": 195700000,
        "earningspersharebasic": 0.52,
        "earningspersharediluted": 0.52,
        "weightedaveragenumberofsharesoutstandingbasic": 360700000,
        "weightedaveragenumberofdilutedsharesoutstanding": 362300000,
        "commonstockdividendspersharecashpaid": 0.42
    },
    {
        "date": "2015-08-30",
        "symbol": "PAYX",
        "period": "Q1",
        "salesrevenueservicesnet": 712200000,
        "interestincomeoperating": 10800000,
        "revenues": 723000000,
        "operatingcostsandexpenses": 205700000,
        "sellinggeneralandadministrativeexpense": 221200000,
        "operatingexpenses": 426900000,
        "operatingincomeloss": 296100000,
        "interestincomeexpensenonoperatingnet": 1400000,
        "incomelossfromcontinuingoperationsbeforeincometaxesextraordinaryitemsnoncontrollinginterest": 297500000,
        "incometaxexpensebenefit": 88400000,
        "netincomeloss": 209100000,
        "othercomprehensiveincomeavailableforsalesecuritiesadjustmentnetoftaxportionattributabletoparent": 6300000,
        "othercomprehensiveincomelossnetoftaxportionattributabletoparent": 6300000,
        "comprehensiveincomenetoftax": 215400000,
        "earningspersharebasic": 0.58,
        "earningspersharediluted": 0.58,
        "weightedaveragenumberofsharesoutstandingbasic": 361100000,
        "weightedaveragenumberofdilutedsharesoutstanding": 362800000,
        "commonstockdividendspersharecashpaid": 0.42
    },
    {
        "date": "2015-02-27",
        "symbol": "PAYX",
        "period": "Q3",
        "salesrevenueservicesnet": 693600000,
        "interestincomeoperating": 10700000,
        "revenues": 704300000,
        "operatingcostsandexpenses": 211000000,
        "sellinggeneralandadministrativeexpense": 229000000,
        "operatingexpenses": 440000000,
        "operatingincomeloss": 264300000,
        "interestincomeexpensenonoperatingnet": 1600000,
        "incomelossfromcontinuingoperationsbeforeincometaxesextraordinaryitemsnoncontrollinginterest": 265900000,
        "incometaxexpensebenefit": 96500000,
        "netincomeloss": 169400000,
        "othercomprehensiveincomeavailableforsalesecuritiesadjustmentnetoftaxportionattributabletoparent": -600000,
        "othercomprehensiveincomelossnetoftaxportionattributabletoparent": -600000,
        "comprehensiveincomenetoftax": 168800000,
        "earningspersharebasic": 0.47,
        "earningspersharediluted": 0.46,
        "weightedaveragenumberofsharesoutstandingbasic": 363200000,
        "weightedaveragenumberofdilutedsharesoutstanding": 365000000,
        "commonstockdividendspersharecashpaid": 0.38
    },
    {
        "date": "2014-11-29",
        "symbol": "PAYX",
        "period": "Q2",
        "salesrevenueservicesnet": 665900000,
        "interestincomeoperating": 10400000,
        "revenues": 676300000,
        "operatingcostsandexpenses": 199100000,
        "sellinggeneralandadministrativeexpense": 207000000,
        "operatingexpenses": 406100000,
        "operatingincomeloss": 270200000,
        "interestincomeexpensenonoperatingnet": 1400000,
        "incomelossfromcontinuingoperationsbeforeincometaxesextraordinaryitemsnoncontrollinginterest": 271600000,
        "incometaxexpensebenefit": 98600000,
        "netincomeloss": 173000000,
        "othercomprehensiveincomeavailableforsalesecuritiesadjustmentnetoftaxportionattributabletoparent": -3600000,
        "othercomprehensiveincomelossnetoftaxportionattributabletoparent": -3600000,
        "comprehensiveincomenetoftax": 169400000,
        "earningspersharebasic": 0.48,
        "earningspersharediluted": 0.47,
        "weightedaveragenumberofsharesoutstandingbasic": 363000000,
        "weightedaveragenumberofdilutedsharesoutstanding": 364600000,
        "commonstockdividendspersharecashpaid": 0.38
    },
    {
        "date": "2014-08-30",
        "symbol": "PAYX",
        "period": "Q1",
        "salesrevenueservicesnet": 656600000,
        "interestincomeoperating": 10200000,
        "revenues": 666800000,
        "operatingcostsandexpenses": 194300000,
        "sellinggeneralandadministrativeexpense": 205000000,
        "operatingexpenses": 399300000,
        "operatingincomeloss": 267500000,
        "interestincomeexpensenonoperatingnet": 1400000,
        "incomelossfromcontinuingoperationsbeforeincometaxesextraordinaryitemsnoncontrollinginterest": 268900000,
        "incometaxexpensebenefit": 97600000,
        "netincomeloss": 171300000,
        "othercomprehensiveincomeavailableforsalesecuritiesadjustmentnetoftaxportionattributabletoparent": 4500000,
        "othercomprehensiveincomelossnetoftaxportionattributabletoparent": 4500000,
        "comprehensiveincomenetoftax": 175800000,
        "earningspersharebasic": 0.47,
        "earningspersharediluted": 0.47,
        "weightedaveragenumberofsharesoutstandingbasic": 363100000,
        "weightedaveragenumberofdilutedsharesoutstanding": 364700000,
        "commonstockdividendspersharecashpaid": 0.38
    },
    {
        "date": "2014-02-27",
        "symbol": "PAYX",
        "period": "Q3",
        "salesrevenueservicesnet": 626000000,
        "interestincomeoperating": 10500000,
        "revenues": 636500000,
        "operatingcostsandexpenses": 177100000,
        "sellinggeneralandadministrativeexpense": 208700000,
        "operatingexpenses": 385800000,
        "operatingincomeloss": 250700000,
        "interestincomeexpensenonoperatingnet": 1500000,
        "incomelossfromcontinuingoperationsbeforeincometaxesminorityinterestandincomelossfromequitymethodinvestments": 252200000,
        "incometaxexpensebenefit": 92100000,
        "netincomeloss": 160100000,
        "othercomprehensiveincomeavailableforsalesecuritiesadjustmentnetoftaxportionattributabletoparent": 10900000,
        "othercomprehensiveincomelossnetoftaxportionattributabletoparent": 10900000,
        "comprehensiveincomenetoftax": 171000000,
        "earningspersharebasic": 0.44,
        "earningspersharediluted": 0.44,
        "weightedaveragenumberofsharesoutstandingbasic": 364200000,
        "weightedaveragenumberofdilutedsharesoutstanding": 365800000,
        "commonstockdividendspersharecashpaid": 0.35
    },
    {
        "date": "2013-11-29",
        "symbol": "PAYX",
        "period": "Q2",
        "salesrevenueservicesnet": 600500000,
        "interestincomeoperating": 10000000,
        "revenues": 610500000,
        "operatingcostsandexpenses": 167700000,
        "sellinggeneralandadministrativeexpense": 194200000,
        "operatingexpenses": 361900000,
        "operatingincomeloss": 248600000,
        "interestincomeexpensenonoperatingnet": 1300000,
        "incomelossfromcontinuingoperationsbeforeincometaxesminorityinterestandincomelossfromequitymethodinvestments": 249900000,
        "incometaxexpensebenefit": 91200000,
        "netincomeloss": 158700000,
        "othercomprehensiveincomeavailableforsalesecuritiesadjustmentnetoftaxportionattributabletoparent": 18600000,
        "othercomprehensiveincomelossnetoftaxportionattributabletoparent": 18600000,
        "comprehensiveincomenetoftax": 177300000,
        "earningspersharebasic": 0.43,
        "earningspersharediluted": 0.43,
        "weightedaveragenumberofsharesoutstandingbasic": 364900000,
        "weightedaveragenumberofdilutedsharesoutstanding": 366400000,
        "commonstockdividendspersharecashpaid": 0.35
    },
    {
        "date": "2013-08-30",
        "symbol": "PAYX",
        "period": "Q1",
        "salesrevenueservicesnet": 597900000,
        "interestincomeoperating": 10000000,
        "revenues": 607900000,
        "operatingcostsandexpenses": 164700000,
        "sellinggeneralandadministrativeexpense": 188100000,
        "operatingexpenses": 352800000,
        "operatingincomeloss": 255100000,
        "interestincomeexpensenonoperatingnet": 1200000,
        "incomelossfromcontinuingoperationsbeforeincometaxesminorityinterestandincomelossfromequitymethodinvestments": 256300000,
        "incometaxexpensebenefit": 93500000,
        "netincomeloss": 162800000,
        "othercomprehensiveincomeavailableforsalesecuritiesadjustmentnetoftaxportionattributabletoparent": -26900000,
        "othercomprehensiveincomelossnetoftaxportionattributabletoparent": -26900000,
        "comprehensiveincomenetoftax": 135900000,
        "earningspersharebasic": 0.45,
        "earningspersharediluted": 0.44,
        "weightedaveragenumberofsharesoutstandingbasic": 365300000,
        "weightedaveragenumberofdilutedsharesoutstanding": 366700000,
        "commonstockdividendspersharecashpaid": 0.35
    },
    {
        "date": "2013-02-27",
        "symbol": "PAYX",
        "period": "Q3",
        "salesrevenueservicesnet": 582400000,
        "interestincomeoperating": 10900000,
        "revenues": 593300000,
        "operatingcostsandexpenses": 172100000,
        "sellinggeneralandadministrativeexpense": 196200000,
        "costsandexpenses": 368300000,
        "operatingincomeloss": 225000000,
        "investmentincomenonoperating": 1400000,
        "incomelossfromcontinuingoperationsbeforeincometaxesminorityinterestandincomelossfromequitymethodinvestments": 226400000,
        "incometaxexpensebenefit": 81900000,
        "netincomeloss": 144500000,
        "othercomprehensiveincomeavailableforsalesecuritiesadjustmentnetoftaxportionattributabletoparent": -7000000,
        "othercomprehensiveincomelossnetoftaxportionattributabletoparent": -7000000,
        "comprehensiveincomenetoftax": 137500000,
        "earningspersharebasic": 0.4,
        "earningspersharediluted": 0.4,
        "weightedaveragenumberofsharesoutstandingbasic": 363800000,
        "weightedaveragenumberofdilutedsharesoutstanding": 364600000,
        "commonstockdividendspersharecashpaid": 0.66
    },
    {
        "date": "2012-11-29",
        "symbol": "PAYX",
        "period": "Q2",
        "salesrevenueservicesnet": 559400000,
        "interestincomeoperating": 10000000,
        "revenues": 569400000,
        "operatingcostsandexpenses": 164300000,
        "sellinggeneralandadministrativeexpense": 175100000,
        "costsandexpenses": 339400000,
        "operatingincomeloss": 230000000,
        "investmentincomenonoperating": 1900000,
        "incomelossfromcontinuingoperationsbeforeincometaxesminorityinterestandincomelossfromequitymethodinvestments": 231900000,
        "incometaxexpensebenefit": 84000000,
        "netincomeloss": 147900000,
        "othercomprehensiveincomeavailableforsalesecuritiesadjustmentnetoftaxportionattributabletoparent": 2400000,
        "othercomprehensiveincomelossnetoftaxportionattributabletoparent": 2400000,
        "comprehensiveincomenetoftax": 150300000,
        "earningspersharebasic": 0.41,
        "earningspersharediluted": 0.41,
        "weightedaveragenumberofsharesoutstandingbasic": 363600000,
        "weightedaveragenumberofdilutedsharesoutstanding": 364400000,
        "commonstockdividendspersharecashpaid": 0.33
    },
    {
        "date": "2012-08-30",
        "symbol": "PAYX",
        "period": "Q1",
        "salesrevenueservicesnet": 568100000,
        "interestincomeoperating": 10100000,
        "revenues": 578200000,
        "operatingcostsandexpenses": 164200000,
        "sellinggeneralandadministrativeexpense": 176000000,
        "costsandexpenses": 340200000,
        "operatingincomeloss": 238000000,
        "investmentincomenonoperating": 1900000,
        "incomelossfromcontinuingoperationsbeforeincometaxesminorityinterestandincomelossfromequitymethodinvestments": 239900000,
        "incometaxexpensebenefit": 86800000,
        "netincomeloss": 153100000,
        "earningspersharebasic": 0.42,
        "earningspersharediluted": 0.42,
        "weightedaveragenumberofsharesoutstandingbasic": 363000000,
        "weightedaveragenumberofdilutedsharesoutstanding": 363800000,
        "commonstockdividendspersharecashpaid": 0.32,
        "othercomprehensiveincomeavailableforsalesecuritiesadjustmentnetoftaxportionattributabletoparent": -400000,
        "comprehensiveincomenetoftax": 152700000
    },
    {
        "date": "2012-05-30",
        "symbol": "PAYX",
        "period": "Q4",
        "salesrevenueservicesnet": 540700000,
        "interestincomeoperating": 10800000,
        "revenues": 551500000,
        "operatingcostsandexpenses": 171500000,
        "sellinggeneralandadministrativeexpense": 184100000,
        "costsandexpenses": 355600000,
        "operatingincomeloss": 195900000,
        "investmentincomenonoperating": 1800000,
        "incomelossfromcontinuingoperationsbeforeincometaxesminorityinterestandincomelossfromequitymethodinvestments": 197700000,
        "incometaxexpensebenefit": 74400000,
        "netincomeloss": 123300000,
        "earningspersharebasic": 0.34000000000000014,
        "earningspersharediluted": 0.34000000000000014,
        "weightedaveragenumberofsharesoutstandingbasic": -724700000,
        "weightedaveragenumberofdilutedsharesoutstanding": -725700000,
        "commonstockdividendspersharecashpaid": 0.3199999999999999
    },
    {
        "date": "2012-02-28",
        "symbol": "PAYX",
        "period": "Q3",
        "salesrevenueservicesnet": 558500000,
        "interestincomeoperating": 11000000,
        "revenues": 569500000,
        "operatingcostsandexpenses": 177100000,
        "sellinggeneralandadministrativeexpense": 182000000,
        "costsandexpenses": 359100000,
        "operatingincomeloss": 210400000,
        "investmentincomenonoperating": 1600000,
        "incomelossfromcontinuingoperationsbeforeincometaxesminorityinterestandincomelossfromequitymethodinvestments": 212000000,
        "incometaxexpensebenefit": 76600000,
        "netincomeloss": 135400000,
        "earningspersharebasic": 0.37,
        "earningspersharediluted": 0.37,
        "weightedaveragenumberofsharesoutstandingbasic": 362500000,
        "weightedaveragenumberofdilutedsharesoutstanding": 363100000,
        "commonstockdividendspersharecashpaid": 0.32
    },
    {
        "date": "2011-11-29",
        "symbol": "PAYX",
        "period": "Q2",
        "salesrevenueservicesnet": 535000000,
        "interestincomeoperating": 10700000,
        "revenues": 545700000,
        "operatingcostsandexpenses": 165200000,
        "sellinggeneralandadministrativeexpense": 162600000,
        "costsandexpenses": 327800000,
        "operatingincomeloss": 217900000,
        "investmentincomenonoperating": 1500000,
        "incomelossfromcontinuingoperationsbeforeincometaxesminorityinterestandincomelossfromequitymethodinvestments": 219400000,
        "incometaxexpensebenefit": 79000000,
        "netincomeloss": 140400000,
        "earningspersharebasic": 0.39,
        "earningspersharediluted": 0.39,
        "weightedaveragenumberofsharesoutstandingbasic": 362400000,
        "weightedaveragenumberofdilutedsharesoutstanding": 362800000,
        "commonstockdividendspersharecashpaid": 0.32
    },
    {
        "date": "2011-08-30",
        "symbol": "PAYX",
        "period": "Q1",
        "salesrevenueservicesnet": 552000000,
        "interestincomeoperating": 11100000,
        "revenues": 563100000,
        "operatingcostsandexpenses": 167000000,
        "sellinggeneralandadministrativeexpense": 166400000,
        "costsandexpenses": 333400000,
        "operatingincomeloss": 229700000,
        "investmentincomenonoperating": 1500000,
        "incomelossfromcontinuingoperationsbeforeincometaxesminorityinterestandincomelossfromequitymethodinvestments": 231200000,
        "incometaxexpensebenefit": 82300000,
        "netincomeloss": 148900000,
        "earningspersharebasic": 0.41,
        "earningspersharediluted": 0.41,
        "weightedaveragenumberofsharesoutstandingbasic": 362200000,
        "weightedaveragenumberofdilutedsharesoutstanding": 362800000,
        "commonstockdividendspersharecashpaid": 0.31
    },
    {
        "date": "2011-02-27",
        "symbol": "PAYX",
        "period": "Q3",
        "salesrevenueservicesnet": 519600000,
        "interestonfundsheldforclients": 11700000,
        "revenues": 531300000,
        "operatingcostsandexpenses": 166600000,
        "sellinggeneralandadministrativeexpense": 165800000,
        "costsandexpenses": 332400000,
        "operatingincomeloss": 198900000,
        "investmentincomenonoperating": 1500000,
        "incomelossfromcontinuingoperationsbeforeincometaxesminorityinterestandincomelossfromequitymethodinvestments": 200400000,
        "incometaxexpensebenefit": 69800000,
        "netincomeloss": 130600000,
        "earningspersharebasic": 0.36,
        "earningspersharediluted": 0.36,
        "weightedaveragenumberofsharesoutstandingbasic": 361800000,
        "weightedaveragenumberofdilutedsharesoutstanding": 362600000,
        "commonstockdividendspersharecashpaid": 0.31
    },
    {
        "date": "2010-11-29",
        "symbol": "PAYX",
        "period": "Q2",
        "salesrevenueservicesnet": 500000000,
        "interestonfundsheldforclients": 12000000,
        "revenues": 512000000,
        "operatingcostsandexpenses": 159000000,
        "sellinggeneralandadministrativeexpense": 149100000,
        "costsandexpenses": 308100000,
        "operatingincomeloss": 203900000,
        "investmentincomenonoperating": 1500000,
        "incomelossfromcontinuingoperationsbeforeincometaxesminorityinterestandincomelossfromequitymethodinvestments": 205400000,
        "incometaxexpensebenefit": 71500000,
        "netincomeloss": 133900000,
        "earningspersharebasic": 0.37,
        "earningspersharediluted": 0.37,
        "weightedaveragenumberofsharesoutstandingbasic": 361700000,
        "weightedaveragenumberofdilutedsharesoutstanding": 362100000,
        "commonstockdividendspersharecashpaid": 0.31
    },
    {
        "date": "2010-08-30",
        "symbol": "PAYX",
        "period": "Q1",
        "salesrevenueservicesnet": 506200000,
        "interestonfundsheldforclients": 12100000,
        "revenues": 518300000,
        "operatingcostsandexpenses": 160200000,
        "sellinggeneralandadministrativeexpense": 157300000,
        "costsandexpenses": 317500000,
        "operatingincomeloss": 200800000,
        "investmentincomenonoperating": 1400000,
        "incomelossfromcontinuingoperationsbeforeincometaxesminorityinterestandincomelossfromequitymethodinvestments": 202200000,
        "incometaxexpensebenefit": 70300000,
        "netincomeloss": 131900000,
        "earningspersharebasic": 0.36,
        "earningspersharediluted": 0.36,
        "weightedaveragenumberofsharesoutstandingbasic": 361600000,
        "weightedaveragenumberofdilutedsharesoutstanding": 362000000,
        "commonstockdividendspersharecashpaid": 0.31
    },
    {
        "date": "2010-02-27",
        "symbol": "PAYX",
        "period": "Q3",
        "salesrevenueservicesnet": 493790000,
        "interestonfundsheldforclients": 14029000,
        "revenues": 507819000,
        "operatingcostsandexpenses": 164508000,
        "sellinggeneralandadministrativeexpense": 175062000,
        "costsandexpenses": 339570000,
        "operatingincomeloss": 168249000,
        "investmentincomenonoperating": 1180000,
        "incomelossfromcontinuingoperationsbeforeincometaxesminorityinterestandincomelossfromequitymethodinvestments": 169429000,
        "incometaxexpensebenefit": 57422000,
        "netincomeloss": 112007000,
        "earningspersharebasic": 0.31,
        "earningspersharediluted": 0.31,
        "weightedaveragenumberofsharesoutstandingbasic": 361417000,
        "weightedaveragenumberofdilutedsharesoutstanding": 361860000,
        "commonstockdividendspersharecashpaid": 0.31
    },
    {
        "date": "2009-11-29",
        "symbol": "PAYX",
        "period": "Q2",
        "salesrevenueservicesnet": 483024000,
        "interestonfundsheldforclients": 13552000,
        "revenues": 496576000,
        "operatingcostsandexpenses": 162648000,
        "sellinggeneralandadministrativeexpense": 140863000,
        "costsandexpenses": 303511000,
        "operatingincomeloss": 193065000,
        "investmentincomenonoperating": 1147000,
        "incomelossfromcontinuingoperationsbeforeincometaxesminorityinterestandincomelossfromequitymethodinvestments": 194212000,
        "incometaxexpensebenefit": 68362000,
        "netincomeloss": 125850000,
        "earningspersharebasic": 0.35,
        "earningspersharediluted": 0.35,
        "weightedaveragenumberofsharesoutstandingbasic": 361392000,
        "weightedaveragenumberofdilutedsharesoutstanding": 361692000,
        "commonstockdividendspersharecashpaid": 0.31
    },
    {
        "date": "2009-08-30",
        "symbol": "PAYX",
        "period": "Q1",
        "salesrevenueservicesnet": 486491000,
        "interestonfundsheldforclients": 13723000,
        "revenues": 500214000,
        "operatingcostsandexpenses": 163346000,
        "sellinggeneralandadministrativeexpense": 147001000,
        "costsandexpenses": 310347000,
        "operatingincomeloss": 189867000,
        "investmentincomenonoperating": 905000,
        "incomelossfromcontinuingoperationsbeforeincometaxesminorityinterestandincomelossfromequitymethodinvestments": 190772000,
        "incometaxexpensebenefit": 67152000,
        "netincomeloss": 123620000,
        "earningspersharebasic": 0.34,
        "earningspersharediluted": 0.34,
        "weightedaveragenumberofsharesoutstandingbasic": 361208000,
        "weightedaveragenumberofdilutedsharesoutstanding": 361362000,
        "commonstockdividendspersharecashpaid": 0.31
    }
]