[
    {
        "date": "2024-09-29",
        "symbol": "AMP",
        "period": "Q3",
        "revenuefromcontractwithcustomerexcludingassessedtax": 3298000000,
        "netinvestmentincomeandgainlossoninvestments": 934000000,
        "insuranceservicesrevenue": 409000000,
        "otherincome": 131000000,
        "revenues": 4938000000,
        "interestexpensedeposits": 170000000,
        "revenuesnetofinterestexpense": 7000000,
        "distributionexpenses": 1539000000,
        "interestcreditedtopolicyholdersaccountbalances": 118000000,
        "policyholderbenefitsandclaimsincurrednet": 430000000,
        "liabilityforfuturepolicybenefitremeasurementgainloss": 22000000,
        "marketriskbenefitchangeinfairvaluegainloss": -566000000,
        "amortizationofdeferredcharges": 59000000,
        "interestexpenseborrowings": 87000000,
        "generalandadministrativeexpense": 975000000,
        "costsandexpenses": 3752000000,
        "incomelossfromcontinuingoperationsbeforeincometaxesextraordinaryitemsnoncontrollinginterest": 645000000,
        "incometaxexpensebenefit": 134000000,
        "netincomeloss": 511000000,
        "earningspersharebasic": 5.09,
        "earningspersharediluted": 5,
        "othercomprehensiveincomeavailableforsalesecuritiesadjustmentnetoftaxportionattributabletoparent": 1005000000,
        "ociliabilityforfuturepolicybenefitgainlossafterreclassificationadjustmentandtaxparent": -147000000,
        "ocimarketriskbenefitinstrumentspecificcreditriskgainlossafteradjustmentsandtaxparent": -49000000,
        "othercomprehensiveincomeforeigncurrencytransactionandtranslationadjustmentnetoftaxportionattributabletoparent": 83000000,
        "othercomprehensiveincomelossnetoftaxportionattributabletoparent": 892000000,
        "comprehensiveincomenetoftax": 1403000000
    },
    {
        "date": "2024-03-30",
        "symbol": "AMP",
        "period": "Q1",
        "revenuefromcontractwithcustomerexcludingassessedtax": 2399000000,
        "netinvestmentincomeandgainlossoninvestments": 901000000,
        "insuranceservicesrevenue": 390000000,
        "otherincome": 129000000,
        "revenues": 4325000000,
        "interestexpensedeposits": 179000000,
        "revenuesnetofinterestexpense": 4146000000,
        "distributionexpenses": 1419000000,
        "interestcreditedtopolicyholdersaccountbalances": 132000000,
        "policyholderbenefitsandclaimsincurrednet": 295000000,
        "liabilityforfuturepolicybenefitremeasurementgainloss": 4000000,
        "marketriskbenefitchangeinfairvaluegainloss": 18000000,
        "amortizationofdeferredcharges": 61000000,
        "interestexpenseborrowings": 82000000,
        "generalandadministrativeexpense": 960000000,
        "costsandexpenses": 2927000000,
        "incomelossfromcontinuingoperationsbeforeincometaxesextraordinaryitemsnoncontrollinginterest": 1219000000,
        "incometaxexpensebenefit": 229000000,
        "netincomeloss": 990000000,
        "earningspersharebasic": 9.63,
        "earningspersharediluted": 9.46,
        "othercomprehensiveincomeavailableforsalesecuritiesadjustmentnetoftaxportionattributabletoparent": -178000000,
        "ociliabilityforfuturepolicybenefitgainlossafterreclassificationadjustmentandtaxparent": 69000000,
        "ocimarketriskbenefitinstrumentspecificcreditriskgainlossafteradjustmentsandtaxparent": -37000000,
        "othercomprehensiveincomeforeigncurrencytransactionandtranslationadjustmentnetoftaxportionattributabletoparent": -18000000,
        "othercomprehensiveincomelossnetoftaxportionattributabletoparent": -164000000,
        "comprehensiveincomenetoftax": 826000000
    },
    {
        "date": "2023-12-30",
        "symbol": "AMP",
        "period": "Q4",
        "revenuefromcontractwithcustomerexcludingassessedtax": 2284000000,
        "netinvestmentincomeandgainlossoninvestments": 888000000,
        "insuranceservicesrevenue": 404000000,
        "otherincome": 123000000,
        "revenues": 4168000000,
        "interestexpensedeposits": 176000000,
        "revenuesnetofinterestexpense": 3992000000,
        "distributionexpenses": 1307000000,
        "interestcreditedtopolicyholdersaccountbalances": 190000000,
        "policyholderbenefitsandclaimsincurrednet": 602000000,
        "marketriskbenefitchangeinfairvaluegainloss": -240000000,
        "interestexpenseborrowings": 84000000,
        "generalandadministrativeexpense": 1017000000,
        "costsandexpenses": 3498000000,
        "incomelossfromcontinuingoperationsbeforeincometaxesextraordinaryitemsnoncontrollinginterest": 494000000,
        "incometaxexpensebenefit": 117000000,
        "netincomeloss": 377000000,
        "earningspersharebasic": 3.699999999999999,
        "earningspersharediluted": 3.6300000000000017,
        "othercomprehensiveincomeavailableforsalesecuritiesadjustmentnetoftaxportionattributabletoparent": 1333000000,
        "ociliabilityforfuturepolicybenefitgainlossafterreclassificationadjustmentandtaxparent": -222000000,
        "ocimarketriskbenefitinstrumentspecificcreditriskgainlossafteradjustmentsandtaxparent": -118000000,
        "othercomprehensiveincomeforeigncurrencytransactionandtranslationadjustmentnetoftaxportionattributabletoparent": 66000000,
        "othercomprehensiveincomelossnetoftaxportionattributabletoparent": 1074000000,
        "comprehensiveincomenetoftax": 1451000000
    },
    {
        "date": "2023-09-29",
        "symbol": "AMP",
        "period": "Q3",
        "revenuefromcontractwithcustomerexcludingassessedtax": 923000000,
        "netinvestmentincomeandgainlossoninvestments": 2231000000,
        "insuranceservicesrevenue": 390000000,
        "otherincome": 127000000,
        "revenues": 3416000000,
        "interestexpensedeposits": 144000000,
        "revenuesnetofinterestexpense": 11456000000,
        "distributionexpenses": 1297000000,
        "interestcreditedtopolicyholdersaccountbalances": 139000000,
        "policyholderbenefitsandclaimsincurrednet": 120000000,
        "marketriskbenefitchangeinfairvaluegainloss": -168000000,
        "amortizationofdeferredcharges": 62000000,
        "interestexpenseborrowings": 84000000,
        "generalandadministrativeexpense": 950000000,
        "costsandexpenses": 2808000000,
        "incomelossfromcontinuingoperationsbeforeincometaxesextraordinaryitemsnoncontrollinginterest": 2775000000,
        "incometaxexpensebenefit": 245000000,
        "netincomeloss": 872000000,
        "earningspersharebasic": 8.280000000000001,
        "earningspersharediluted": 8.11,
        "othercomprehensiveincomeavailableforsalesecuritiesadjustmentnetoftaxportionattributabletoparent": -623000000,
        "ociliabilityforfuturepolicybenefitgainlossafterreclassificationadjustmentandtaxparent": 174000000,
        "ocimarketriskbenefitinstrumentspecificcreditriskgainlossafteradjustmentsandtaxparent": 18000000,
        "othercomprehensiveincomeforeigncurrencytransactionandtranslationadjustmentnetoftaxportionattributabletoparent": -60000000,
        "othercomprehensiveincomelossnetoftaxportionattributabletoparent": -368000000,
        "comprehensiveincomenetoftax": 381000000
    },
    {
        "date": "2023-06-29",
        "symbol": "AMP",
        "period": "Q2",
        "revenuefromcontractwithcustomerexcludingassessedtax": 2870000000,
        "netinvestmentincomeandgainlossoninvestments": 45000000,
        "insuranceservicesrevenue": 383000000,
        "otherincome": 132000000,
        "revenues": 4344000000,
        "interestexpensedeposits": 134000000,
        "revenuesnetofinterestexpense": 46000000,
        "distributionexpenses": 1248000000,
        "interestcreditedtopolicyholdersaccountbalances": 161000000,
        "policyholderbenefitsandclaimsincurrednet": 327000000,
        "liabilityforfuturepolicybenefitremeasurementgainloss": 0,
        "marketriskbenefitchangeinfairvaluegainloss": 99000000,
        "amortizationofdeferredcharges": 61000000,
        "interestexpenseborrowings": 84000000,
        "generalandadministrativeexpense": 967000000,
        "costsandexpenses": 2749000000,
        "incomelossfromcontinuingoperationsbeforeincometaxesextraordinaryitemsnoncontrollinginterest": -25000000,
        "incometaxexpensebenefit": 237000000,
        "netincomeloss": 890000000,
        "earningspersharebasic": 8.34,
        "earningspersharediluted": 8.18,
        "othercomprehensiveincomeavailableforsalesecuritiesadjustmentnetoftaxportionattributabletoparent": -338000000,
        "othercomprehensiveincomelosscashflowhedgegainlossafterreclassificationandtax": 0,
        "ociliabilityforfuturepolicybenefitgainlossafterreclassificationadjustmentandtaxparent": 59000000,
        "ocimarketriskbenefitinstrumentspecificcreditriskgainlossafteradjustmentsandtaxparent": -126000000,
        "othercomprehensiveincomeforeigncurrencytransactionandtranslationadjustmentnetoftaxportionattributabletoparent": 41000000,
        "othercomprehensiveincomelossnetoftaxportionattributabletoparent": 41000000,
        "comprehensiveincomenetoftax": 526000000
    },
    {
        "date": "2023-03-30",
        "symbol": "AMP",
        "period": "Q1",
        "revenuefromcontractwithcustomerexcludingassessedtax": 2830000000,
        "netinvestmentincomeandgainlossoninvestments": 42000000,
        "insuranceservicesrevenue": 362000000,
        "otherincome": 131000000,
        "revenues": 4168000000,
        "interestexpensedeposits": 107000000,
        "revenuesnetofinterestexpense": 41000000,
        "distributionexpenses": 1226000000,
        "interestcreditedtopolicyholdersaccountbalances": 164000000,
        "policyholderbenefitsandclaimsincurrednet": 301000000,
        "liabilityforfuturepolicybenefitremeasurementgainloss": 5000000,
        "marketriskbenefitchangeinfairvaluegainloss": -489000000,
        "amortizationofdeferredcharges": 62000000,
        "interestexpenseborrowings": 72000000,
        "generalandadministrativeexpense": 937000000,
        "costsandexpenses": 3246000000,
        "incomelossfromcontinuingoperationsbeforeincometaxesextraordinaryitemsnoncontrollinginterest": -10000000,
        "incometaxexpensebenefit": 79000000,
        "netincomeloss": 417000000,
        "earningspersharebasic": 3.86,
        "earningspersharediluted": 3.79,
        "othercomprehensiveincomeavailableforsalesecuritiesadjustmentnetoftaxportionattributabletoparent": 430000000,
        "othercomprehensiveincomelosscashflowhedgegainlossafterreclassificationandtax": 2000000,
        "ociliabilityforfuturepolicybenefitgainlossafterreclassificationadjustmentandtaxparent": -65000000,
        "ocimarketriskbenefitinstrumentspecificcreditriskgainlossafteradjustmentsandtaxparent": 161000000,
        "othercomprehensiveincomeforeigncurrencytransactionandtranslationadjustmentnetoftaxportionattributabletoparent": 33000000,
        "othercomprehensiveincomelossnetoftaxportionattributabletoparent": 33000000,
        "comprehensiveincomenetoftax": 978000000
    },
    {
        "date": "2022-12-30",
        "symbol": "AMP",
        "period": "Q4",
        "revenuefromcontractwithcustomerexcludingassessedtax": 2814000000,
        "netinvestmentincomeandgainlossoninvestments": -54000000,
        "insuranceservicesrevenue": 317000000,
        "otherincome": -359000000,
        "revenues": -11667000000,
        "interestexpensedeposits": -14000000,
        "revenuesnetofinterestexpense": -21000000,
        "distributionexpenses": -3724000000,
        "interestcreditedtopolicyholdersaccountbalances": 222000000,
        "policyholderbenefitsandclaimsincurrednet": 709000000,
        "deferredpolicyacquisitioncostamortizationexpense": -147000000,
        "interestexpenseborrowings": -32000000,
        "generalandadministrativeexpense": -2501000000,
        "costsandexpenses": -7718000000,
        "incomelossfromcontinuingoperationsbeforeincometaxesextraordinaryitemsnoncontrollinginterest": -2468000000,
        "incometaxexpensebenefit": -359000000,
        "netincomeloss": 494000000,
        "earningspersharebasic": 4.569999999999998,
        "earningspersharediluted": 4.460000000000002,
        "othercomprehensiveincomeavailableforsalesecuritiesadjustmentnetoftaxportionattributabletoparent": -10000000,
        "othercomprehensiveincomeforeigncurrencytransactionandtranslationadjustmentnetoftaxportionattributabletoparent": 124000000,
        "othercomprehensiveincomelossnetoftaxportionattributabletoparent": -2313000000,
        "comprehensiveincomenetoftax": 683000000
    },
    {
        "date": "2022-09-29",
        "symbol": "AMP",
        "period": "Q3",
        "revenuefromcontractwithcustomerexcludingassessedtax": 2842000000,
        "netinvestmentincomeandgainlossoninvestments": 33000000,
        "insuranceservicesrevenue": 361000000,
        "otherincome": 118000000,
        "revenues": 3827000000,
        "interestexpensedeposits": 17000000,
        "revenuesnetofinterestexpense": -54000000,
        "distributionexpenses": 1195000000,
        "interestcreditedtopolicyholdersaccountbalances": 157000000,
        "policyholderbenefitsandclaimsincurrednet": 370000000,
        "deferredpolicyacquisitioncostamortizationexpense": 107000000,
        "interestexpenseborrowings": 52000000,
        "generalandadministrativeexpense": 925000000,
        "costsandexpenses": 2806000000,
        "incomelossfromcontinuingoperationsbeforeincometaxesextraordinaryitemsnoncontrollinginterest": 738000000,
        "incometaxexpensebenefit": 137000000,
        "netincomeloss": 548000000,
        "earningspersharebasic": 5.000000000000001,
        "earningspersharediluted": 4.8900000000000015,
        "othercomprehensiveincomeavailableforsalesecuritiesadjustmentnetoftaxportionattributabletoparent": -873000000,
        "othercomprehensiveincomelosscashflowhedgegainlossafterreclassificationandtax": 0,
        "othercomprehensiveincomeforeigncurrencytransactionandtranslationadjustmentnetoftaxportionattributabletoparent": -127000000,
        "othercomprehensiveincomelossnetoftaxportionattributabletoparent": -127000000,
        "comprehensiveincomenetoftax": -451000000
    },
    {
        "date": "2022-06-29",
        "symbol": "AMP",
        "period": "Q2",
        "revenuefromcontractwithcustomerexcludingassessedtax": 2910000000,
        "netinvestmentincomeandgainlossoninvestments": 18000000,
        "insuranceservicesrevenue": 365000000,
        "otherincome": 124000000,
        "revenues": 3850000000,
        "interestexpensedeposits": 3000000,
        "revenuesnetofinterestexpense": 29000000,
        "distributionexpenses": 1236000000,
        "interestcreditedtopolicyholdersaccountbalances": 145000000,
        "policyholderbenefitsandclaimsincurrednet": 82000000,
        "deferredpolicyacquisitioncostamortizationexpense": 152000000,
        "interestexpenseborrowings": 44000000,
        "generalandadministrativeexpense": 894000000,
        "costsandexpenses": 2553000000,
        "incomelossfromcontinuingoperationsbeforeincometaxesextraordinaryitemsnoncontrollinginterest": 840000000,
        "incometaxexpensebenefit": 199000000,
        "netincomeloss": 756000000,
        "earningspersharebasic": 6.73,
        "earningspersharediluted": 6.61,
        "othercomprehensiveincomeforeigncurrencytransactionandtranslationadjustmentnetoftaxportionattributabletoparent": -122000000,
        "othercomprehensiveincomeavailableforsalesecuritiesadjustmentnetoftaxportionattributabletoparent": -776000000,
        "othercomprehensiveincomelosscashflowhedgegainlossafterreclassificationandtax": -2000000,
        "othercomprehensiveincomelossnetoftaxportionattributabletoparent": -122000000,
        "comprehensiveincomenetoftax": -144000000
    },
    {
        "date": "2022-03-30",
        "symbol": "AMP",
        "period": "Q1",
        "revenuefromcontractwithcustomerexcludingassessedtax": 3083000000,
        "netinvestmentincomeandgainlossoninvestments": 19000000,
        "insuranceservicesrevenue": 368000000,
        "otherincome": 123000000,
        "revenues": 4012000000,
        "interestexpensedeposits": 2000000,
        "revenuesnetofinterestexpense": 60000000,
        "distributionexpenses": 1297000000,
        "interestcreditedtopolicyholdersaccountbalances": 141000000,
        "policyholderbenefitsandclaimsincurrednet": 211000000,
        "deferredpolicyacquisitioncostamortizationexpense": 96000000,
        "interestexpenseborrowings": 40000000,
        "generalandadministrativeexpense": 947000000,
        "costsandexpenses": 2732000000,
        "incomelossfromcontinuingoperationsbeforeincometaxesextraordinaryitemsnoncontrollinginterest": 840000000,
        "incometaxexpensebenefit": 162000000,
        "netincomeloss": 761000000,
        "earningspersharebasic": 6.69,
        "earningspersharediluted": 6.55,
        "othercomprehensiveincomeforeigncurrencytransactionandtranslationadjustmentnetoftaxportionattributabletoparent": -46000000,
        "othercomprehensiveincomeavailableforsalesecuritiesadjustmentnetoftaxportionattributabletoparent": -853000000,
        "othercomprehensiveincomelosscashflowhedgegainlossafterreclassificationandtax": 1000000,
        "othercomprehensiveincomelossnetoftaxportionattributabletoparent": -46000000,
        "comprehensiveincomenetoftax": -137000000
    },
    {
        "date": "2021-03-30",
        "symbol": "AMP",
        "period": "Q1",
        "revenuefromcontractwithcustomerexcludingassessedtax": 531000000,
        "netincomefrominvestment": 377000000,
        "premiumsearnednetandinsurancecommissionsandfees": 347000000,
        "otherincome": 71000000,
        "revenues": 3355000000,
        "interestexpensedeposits": 5000000,
        "revenuesnetofinterestexpense": 3350000000,
        "distributionexpenses": 1175000000,
        "interestcreditedtopolicyholdersaccountbalances": 159000000,
        "policyholderbenefitsandclaimsincurrednet": 653000000,
        "deferredpolicyacquisitioncostamortizationexpense": 5000000,
        "interestexpenseborrowings": 42000000,
        "generalandadministrativeexpense": 823000000,
        "costsandexpenses": 2857000000,
        "incomelossfromcontinuingoperationsbeforeincometaxesextraordinaryitemsnoncontrollinginterest": 493000000,
        "incometaxexpensebenefit": 56000000,
        "netincomeloss": 437000000,
        "earningspersharebasic": 3.65,
        "earningspersharediluted": 3.58,
        "othercomprehensiveincomelossforeigncurrencytransactionandtranslationadjustmentnetoftax": -1000000,
        "othercomprehensiveincomelossavailableforsalesecuritiesadjustmentnetoftax": -340000000,
        "othercomprehensiveincomelosspensionandotherpostretirementbenefitplansadjustmentnetoftax": -29000000,
        "othercomprehensiveincomelossnetoftax": -312000000,
        "comprehensiveincomenetoftaxincludingportionattributabletononcontrollinginterest": 125000000
    },
    {
        "date": "2020-12-30",
        "symbol": "AMP",
        "period": "Q4",
        "revenuefromcontractwithcustomerincludingassessedtax": 2003000000,
        "netincomefrominvestment": 318000000,
        "premiumsearnednet": 1146000000,
        "otherincome": -700000000,
        "revenues": 3189000000,
        "interestexpensedeposits": 6000000,
        "revenuesnetofinterestexpense": 3183000000,
        "distributionexpenses": 1096000000,
        "interestcreditedtopolicyholdersaccountbalances": 121000000,
        "policyholderbenefitsandclaimsincurrednet": 982000000,
        "deferredpolicyacquisitioncostamortizationexpense": -72000000,
        "interestexpenseborrowings": 38000000,
        "generalandadministrativeexpense": 828000000,
        "costsandexpenses": 2993000000,
        "incomelossfromcontinuingoperationsbeforeincometaxesextraordinaryitemsnoncontrollinginterest": 190000000,
        "incometaxexpensebenefit": 13000000,
        "netincomeloss": 177000000,
        "earningspersharebasic": 1.7300000000000004,
        "earningspersharediluted": 1.7699999999999978,
        "othercomprehensiveincomelossforeigncurrencytransactionandtranslationadjustmentnetoftax": 41000000,
        "othercomprehensiveincomelossavailableforsalesecuritiesadjustmentnetoftax": 139000000,
        "othercomprehensiveincomelossnetoftax": 113000000,
        "comprehensiveincomenetoftaxincludingportionattributabletononcontrollinginterest": 290000000
    },
    {
        "date": "2020-09-29",
        "symbol": "AMP",
        "period": "Q3",
        "revenuefromcontractwithcustomerincludingassessedtax": 1893000000,
        "netincomefrominvestment": 300000000,
        "premiumsearnednet": 80000000,
        "otherincome": 340000000,
        "revenues": 3013000000,
        "interestexpensedeposits": 10000000,
        "revenuesnetofinterestexpense": 3003000000,
        "distributionexpenses": 1028000000,
        "interestcreditedtopolicyholdersaccountbalances": 170000000,
        "policyholderbenefitsandclaimsincurrednet": 1104000000,
        "deferredpolicyacquisitioncostamortizationexpense": 85000000,
        "interestexpenseborrowings": 37000000,
        "generalandadministrativeexpense": 763000000,
        "costsandexpenses": 3187000000,
        "incomelossfromcontinuingoperationsbeforeincometaxesextraordinaryitemsnoncontrollinginterest": -184000000,
        "incometaxexpensebenefit": -44000000,
        "netincomeloss": -140000000,
        "earningspersharebasic": -1.14,
        "earningspersharediluted": -1.14,
        "othercomprehensiveincomelossforeigncurrencytransactionandtranslationadjustmentnetoftax": 27000000,
        "othercomprehensiveincomelossavailableforsalesecuritiesadjustmentnetoftax": 95000000,
        "othercomprehensiveincomelossnetoftax": 122000000,
        "comprehensiveincomenetoftaxincludingportionattributabletononcontrollinginterest": -18000000
    },
    {
        "date": "2020-06-29",
        "symbol": "AMP",
        "period": "Q2",
        "revenuefromcontractwithcustomerincludingassessedtax": 1702000000,
        "netincomefrominvestment": 305000000,
        "premiumsearnednet": 78000000,
        "otherincome": 270000000,
        "revenues": 2730000000,
        "interestexpensedeposits": 18000000,
        "revenuesnetofinterestexpense": 2712000000,
        "distributionexpenses": 940000000,
        "interestcreditedtopolicyholdersaccountbalances": 262000000,
        "policyholderbenefitsandclaimsincurrednet": 1467000000,
        "deferredpolicyacquisitioncostamortizationexpense": -248000000,
        "interestexpenseborrowings": 41000000,
        "generalandadministrativeexpense": 776000000,
        "costsandexpenses": 3238000000,
        "incomelossfromcontinuingoperationsbeforeincometaxesextraordinaryitemsnoncontrollinginterest": -526000000,
        "incometaxexpensebenefit": 13000000,
        "netincomeloss": -539000000,
        "earningspersharebasic": -4.31,
        "earningspersharediluted": -4.31,
        "othercomprehensiveincomelossforeigncurrencytransactionandtranslationadjustmentnetoftax": -8000000,
        "othercomprehensiveincomelossavailableforsalesecuritiesadjustmentnetoftax": 697000000,
        "othercomprehensiveincomelossnetoftax": 689000000,
        "comprehensiveincomenetoftaxincludingportionattributabletononcontrollinginterest": 150000000
    },
    {
        "date": "2020-03-30",
        "symbol": "AMP",
        "period": "Q1",
        "netincomeloss": 2036000000,
        "othercomprehensiveincomelossforeigncurrencytransactionandtranslationadjustmentnetoftax": -33000000,
        "othercomprehensiveincomelossavailableforsalesecuritiesadjustmentnetoftax": -524000000,
        "othercomprehensiveincomelossnetoftax": -557000000,
        "comprehensiveincomenetoftaxincludingportionattributabletononcontrollinginterest": 1479000000,
        "revenuefromcontractwithcustomerincludingassessedtax": 1770000000,
        "netincomefrominvestment": 328000000,
        "premiumsearnednet": 91000000,
        "otherincome": 373000000,
        "revenues": 3026000000,
        "interestexpensedeposits": 25000000,
        "revenuesnetofinterestexpense": 3001000000,
        "distributionexpenses": 995000000,
        "interestcreditedtopolicyholdersaccountbalances": 91000000,
        "policyholderbenefitsandclaimsincurrednet": -1747000000,
        "deferredpolicyacquisitioncostamortizationexpense": 512000000,
        "interestexpenseborrowings": 46000000,
        "generalandadministrativeexpense": 753000000,
        "costsandexpenses": 650000000,
        "incomelossfromcontinuingoperationsbeforeincometaxesextraordinaryitemsnoncontrollinginterest": 2351000000,
        "incometaxexpensebenefit": 315000000,
        "earningspersharebasic": 16.11,
        "earningspersharediluted": 15.88
    },
    {
        "date": "2019-12-30",
        "symbol": "AMP",
        "period": "Q4",
        "netincomeloss": 463000000,
        "othercomprehensiveincomelossforeigncurrencytransactionandtranslationadjustmentnetoftax": 48000000,
        "othercomprehensiveincomelossavailableforsalesecuritiesadjustmentnetoftax": -104000000,
        "othercomprehensiveincomelossnetoftax": -75000000,
        "comprehensiveincomenetoftaxincludingportionattributabletononcontrollinginterest": 388000000,
        "revenuefromcontractwithcustomerincludingassessedtax": 1862000000,
        "netincomefrominvestment": 342000000,
        "premiumsearnednet": 93000000,
        "otherincome": 338000000,
        "revenues": 3317000000,
        "interestexpensedeposits": 30000000,
        "revenuesnetofinterestexpense": 3287000000,
        "distributionexpenses": 991000000,
        "interestcreditedtopolicyholdersaccountbalances": 152000000,
        "policyholderbenefitsandclaimsincurrednet": 728000000,
        "deferredpolicyacquisitioncostamortizationexpense": -7000000,
        "interestexpenseborrowings": 50000000,
        "generalandadministrativeexpense": 839000000,
        "costsandexpenses": 2753000000,
        "incomelossfromcontinuingoperationsbeforeincometaxesextraordinaryitemsnoncontrollinginterest": 534000000,
        "incometaxexpensebenefit": 71000000,
        "earningspersharebasic": 3.5899999999999994,
        "earningspersharediluted": 3.52
    },
    {
        "date": "2019-09-29",
        "symbol": "AMP",
        "period": "Q3",
        "netincomeloss": 543000000,
        "othercomprehensiveincomelossforeigncurrencytransactionandtranslationadjustmentnetoftax": -22000000,
        "othercomprehensiveincomelossavailableforsalesecuritiesadjustmentnetoftax": 90000000,
        "othercomprehensiveincomelossnetoftax": 68000000,
        "comprehensiveincomenetoftaxincludingportionattributabletononcontrollinginterest": 611000000,
        "revenuefromcontractwithcustomerincludingassessedtax": 1794000000,
        "netincomefrominvestment": 356000000,
        "premiumsearnednet": 374000000,
        "otherincome": 347000000,
        "revenues": 3351000000,
        "interestexpensedeposits": 34000000,
        "revenuesnetofinterestexpense": 3317000000,
        "distributionexpenses": 971000000,
        "interestcreditedtopolicyholdersaccountbalances": 127000000,
        "policyholderbenefitsandclaimsincurrednet": 594000000,
        "deferredpolicyacquisitioncostamortizationexpense": 112000000,
        "interestexpenseborrowings": 52000000,
        "generalandadministrativeexpense": 820000000,
        "costsandexpenses": 2676000000,
        "incomelossfromcontinuingoperationsbeforeincometaxesextraordinaryitemsnoncontrollinginterest": 641000000,
        "incometaxexpensebenefit": 98000000,
        "earningspersharebasic": 4.07,
        "earningspersharediluted": 4.02
    },
    {
        "date": "2019-06-29",
        "symbol": "AMP",
        "period": "Q2",
        "netincomeloss": 492000000,
        "othercomprehensiveincomelossforeigncurrencytransactionandtranslationadjustmentnetoftax": -14000000,
        "othercomprehensiveincomelossavailableforsalesecuritiesadjustmentnetoftax": 248000000,
        "othercomprehensiveincomelossderivativesqualifyingashedgesnetoftax": 0,
        "othercomprehensiveincomelossnetoftax": 234000000,
        "comprehensiveincomenetoftaxincludingportionattributabletononcontrollinginterest": 726000000,
        "revenuefromcontractwithcustomerincludingassessedtax": 1732000000,
        "netincomefrominvestment": 368000000,
        "premiumsearnednet": 376000000,
        "otherincome": 316000000,
        "revenues": 3282000000,
        "interestexpensedeposits": 37000000,
        "revenuesnetofinterestexpense": 3245000000,
        "distributionexpenses": 948000000,
        "interestcreditedtopolicyholdersaccountbalances": 186000000,
        "policyholderbenefitsandclaimsincurrednet": 584000000,
        "deferredpolicyacquisitioncostamortizationexpense": 58000000,
        "interestexpenseborrowings": 59000000,
        "generalandadministrativeexpense": 823000000,
        "costsandexpenses": 2658000000,
        "incomelossfromcontinuingoperationsbeforeincometaxesextraordinaryitemsnoncontrollinginterest": 587000000,
        "incometaxexpensebenefit": 95000000,
        "earningspersharebasic": 3.61,
        "earningspersharediluted": 3.56,
        "otherthantemporaryimpairmentlossesinvestmentsavailableforsalesecurities": 0,
        "otherthantemporaryimpairmentlossesinvestmentsportioninothercomprehensiveincomelossbeforetaxincludingportionattributabletononcontrollinginterestavailableforsalesecurities": 0,
        "otherthantemporaryimpairmentlossesinvestmentsportionrecognizedinearningsnetavailableforsalesecurities": 0
    },
    {
        "date": "2019-03-30",
        "symbol": "AMP",
        "period": "Q1",
        "netincomeloss": 395000000,
        "othercomprehensiveincomelossforeigncurrencytransactionandtranslationadjustmentnetoftax": 5000000,
        "othercomprehensiveincomelossavailableforsalesecuritiesadjustmentnetoftax": 322000000,
        "othercomprehensiveincomelossderivativesqualifyingashedgesnetoftax": -1000000,
        "othercomprehensiveincomelossnetoftax": 326000000,
        "comprehensiveincomenetoftaxincludingportionattributabletononcontrollinginterest": 721000000,
        "revenuefromcontractwithcustomerincludingassessedtax": 1627000000,
        "netincomefrominvestment": 397000000,
        "premiumsearnednet": 371000000,
        "otherincome": 278000000,
        "revenues": 3153000000,
        "interestexpensedeposits": 35000000,
        "revenuesnetofinterestexpense": 3118000000,
        "distributionexpenses": 900000000,
        "interestcreditedtopolicyholdersaccountbalances": 204000000,
        "policyholderbenefitsandclaimsincurrednet": 670000000,
        "deferredpolicyacquisitioncostamortizationexpense": 16000000,
        "interestexpenseborrowings": 53000000,
        "generalandadministrativeexpense": 805000000,
        "costsandexpenses": 2648000000,
        "incomelossfromcontinuingoperationsbeforeincometaxesextraordinaryitemsnoncontrollinginterest": 470000000,
        "incometaxexpensebenefit": 75000000,
        "earningspersharebasic": 2.85,
        "earningspersharediluted": 2.82,
        "otherthantemporaryimpairmentlossesinvestmentsavailableforsalesecurities": 12000000,
        "otherthantemporaryimpairmentlossesinvestmentsportioninothercomprehensiveincomelossbeforetaxincludingportionattributabletononcontrollinginterestavailableforsalesecurities": 7000000,
        "otherthantemporaryimpairmentlossesinvestmentsportionrecognizedinearningsnetavailableforsalesecurities": 5000000
    },
    {
        "date": "2018-12-30",
        "symbol": "AMP",
        "period": "Q4",
        "othercomprehensiveincomelossforeigncurrencytransactionandtranslationadjustmentnetoftax": -13000000,
        "othercomprehensiveincomelossavailableforsalesecuritiesadjustmentnetoftax": -11000000,
        "othercomprehensiveincomelossnetoftax": -177000000,
        "netincomefrominvestment": 395000000,
        "premiumsearnednet": 363000000,
        "otherincome": 299000000,
        "revenues": 3208000000,
        "interestexpensedeposits": 29000000,
        "distributionexpenses": 910000000,
        "interestcreditedtopolicyholdersaccountbalances": 175000000,
        "policyholderbenefitsandclaimsincurrednet": 444000000,
        "deferredpolicyacquisitioncostamortizationexpense": 142000000,
        "interestexpenseborrowings": 64000000,
        "generalandadministrativeexpense": 792000000,
        "costsandexpenses": 2527000000,
        "incometaxexpensebenefit": 113000000,
        "netincomeloss": 539000000,
        "earningspersharebasic": 3.819999999999999,
        "earningspersharediluted": 3.76
    },
    {
        "date": "2018-09-29",
        "symbol": "AMP",
        "period": "Q3",
        "netincomeloss": 503000000,
        "othercomprehensiveincomelossforeigncurrencytransactionandtranslationadjustmentnetoftax": -3000000,
        "othercomprehensiveincomelossavailableforsalesecuritiesadjustmentnetoftax": -62000000,
        "othercomprehensiveincomelossnetoftax": -65000000,
        "comprehensiveincomenetoftaxincludingportionattributabletononcontrollinginterest": 438000000,
        "investmentadvicefees": 1739000000,
        "distributionservicefees": 470000000,
        "netincomefrominvestment": 386000000,
        "premiumsearnednet": 363000000,
        "otherincome": 358000000,
        "revenues": 3316000000,
        "interestexpensedeposits": 24000000,
        "netrevenues": 3292000000,
        "distributionexpenses": 920000000,
        "interestcreditedtopolicyholdersaccountbalances": 178000000,
        "policyholderbenefitsandclaimsincurrednet": 729000000,
        "deferredpolicyacquisitioncostamortizationexpense": 25000000,
        "interestexpenseborrowings": 50000000,
        "generalandadministrativeexpense": 802000000,
        "costsandexpenses": 2704000000,
        "incomelossfromcontinuingoperationsbeforeincometaxes": 588000000,
        "incometaxexpensebenefit": 85000000,
        "earningspersharebasic": 3.48,
        "earningspersharediluted": 3.43
    },
    {
        "date": "2018-06-29",
        "symbol": "AMP",
        "period": "Q2",
        "netincomeloss": 462000000,
        "othercomprehensiveincomelossforeigncurrencytransactionandtranslationadjustmentnetoftax": -44000000,
        "othercomprehensiveincomelossavailableforsalesecuritiesadjustmentnetoftax": -130000000,
        "othercomprehensiveincomelossnetoftax": -44000000,
        "comprehensiveincomenetoftaxincludingportionattributabletononcontrollinginterest": 288000000,
        "investmentadvisoryfees": 1691000000,
        "distributionfees": 465000000,
        "netincomefrominvestment": 419000000,
        "premiumsearnednet": 357000000,
        "otherincome": 284000000,
        "revenues": 3216000000,
        "interestexpensedeposits": 20000000,
        "netrevenues": 56000000,
        "distributionexpenses": 902000000,
        "interestcreditedtopolicyholdersaccountbalances": 180000000,
        "policyholderbenefitsandclaimsincurrednet": 635000000,
        "deferredpolicyacquisitioncostamortizationexpense": 63000000,
        "interestexpenseborrowings": 80000000,
        "generalandadministrativeexpense": 788000000,
        "costsandexpenses": 2648000000,
        "incomelossfromcontinuingoperationsbeforeincometaxes": 548000000,
        "incometaxexpensebenefit": 86000000,
        "earningspersharebasic": 3.14,
        "earningspersharediluted": 3.1,
        "commonstockdividendspersharedeclared": 0.9
    },
    {
        "date": "2018-03-30",
        "symbol": "AMP",
        "period": "Q1",
        "netincomeloss": 594000000,
        "othercomprehensiveincomelossforeigncurrencytransactionandtranslationadjustmentnetoftax": 29000000,
        "othercomprehensiveincomelossavailableforsalesecuritiesadjustmentnetoftax": -262000000,
        "othercomprehensiveincomelossnetoftax": -233000000,
        "comprehensiveincomenetoftaxincludingportionattributabletononcontrollinginterest": 361000000,
        "investmentadvisoryfees": 1669000000,
        "distributionfees": 468000000,
        "netincomefrominvestment": 396000000,
        "premiumsearnednet": 343000000,
        "otherincome": 308000000,
        "revenues": 3184000000,
        "interestexpensedeposits": 16000000,
        "netrevenues": 3168000000,
        "distributionexpenses": 905000000,
        "interestcreditedtopolicyholdersaccountbalances": 141000000,
        "policyholderbenefitsandclaimsincurrednet": 494000000,
        "deferredpolicyacquisitioncostamortizationexpense": 92000000,
        "interestexpenseborrowings": 51000000,
        "generalandadministrativeexpense": 789000000,
        "costsandexpenses": 2472000000,
        "incomelossfromcontinuingoperationsbeforeincometaxes": 696000000,
        "incometaxexpensebenefit": 102000000,
        "earningspersharebasic": 3.97,
        "earningspersharediluted": 3.91,
        "commonstockdividendspersharedeclared": 0.83
    },
    {
        "date": "2017-12-30",
        "symbol": "AMP",
        "period": "Q4",
        "othercomprehensiveincomelossforeigncurrencytransactionandtranslationadjustmentnetoftax": -54000000,
        "othercomprehensiveincomelossavailableforsalesecuritiesadjustmentnetoftax": -53000000,
        "othercomprehensiveincomelossnetoftax": -83000000,
        "comprehensiveincomenetoftaxincludingportionattributabletononcontrollinginterest": 98000000,
        "investmentadvisoryfees": -4670000000,
        "distributionfees": 460000000,
        "netincomefrominvestment": 355000000,
        "premiumsearnednet": -51000000,
        "otherincome": -722000000,
        "revenues": -8880000000,
        "interestexpensedeposits": -29000000,
        "netrevenues": -523000000,
        "distributionexpenses": -2487000000,
        "interestcreditedtopolicyholdersaccountbalances": 147000000,
        "policyholderbenefitsandclaimsincurrednet": -1576000000,
        "deferredpolicyacquisitioncostamortizationexpense": 78000000,
        "interestexpenseborrowings": -38000000,
        "generalandadministrativeexpense": -1995000000,
        "costsandexpenses": -6794000000,
        "incomelossfromcontinuingoperationsbeforeincometaxes": 600000000,
        "incometaxexpensebenefit": 10000000,
        "netincomeloss": 181000000,
        "earningspersharebasic": 1.2300000000000004,
        "earningspersharediluted": 1.1999999999999993,
        "commonstockdividendspersharedeclared": 0.8300000000000001
    },
    {
        "date": "2017-09-29",
        "symbol": "AMP",
        "period": "Q3",
        "netincomeloss": 503000000,
        "othercomprehensiveincomelossforeigncurrencytransactionandtranslationadjustmentnetoftax": 16000000,
        "othercomprehensiveincomelossavailableforsalesecuritiesadjustmentnetoftax": -4000000,
        "othercomprehensiveincomelossnetoftax": 13000000,
        "comprehensiveincomenetoftaxincludingportionattributabletononcontrollinginterest": 516000000,
        "investmentadvisoryfees": 1626000000,
        "distributionfees": 437000000,
        "netincomefrominvestment": 372000000,
        "premiumsearnednet": 348000000,
        "otherincome": 210000000,
        "revenues": 2993000000,
        "interestexpensedeposits": 12000000,
        "netrevenues": 198000000,
        "distributionexpenses": 850000000,
        "interestcreditedtopolicyholdersaccountbalances": 176000000,
        "policyholderbenefitsandclaimsincurrednet": 474000000,
        "deferredpolicyacquisitioncostamortizationexpense": 48000000,
        "interestexpenseborrowings": 52000000,
        "generalandadministrativeexpense": 753000000,
        "costsandexpenses": 2353000000,
        "incomelossfromcontinuingoperationsbeforeincometaxes": 628000000,
        "incometaxexpensebenefit": -25000000,
        "earningspersharebasic": 3.28,
        "earningspersharediluted": 3.23,
        "commonstockdividendspersharedeclared": 0.8300000000000001
    },
    {
        "date": "2017-06-29",
        "symbol": "AMP",
        "period": "Q2",
        "netincomeloss": 393000000,
        "othercomprehensiveincomelossforeigncurrencytransactionandtranslationadjustmentnetoftax": 23000000,
        "othercomprehensiveincomelossavailableforsalesecuritiesadjustmentnetoftax": 57000000,
        "othercomprehensiveincomederivativesqualifyingashedgesnetoftaxportionattributabletoparent": 0,
        "othercomprehensiveincomelosspensionandotherpostretirementbenefitplansadjustmentnetoftax": 0,
        "othercomprehensiveincomelossadjustmentotherinvestmentsnetoftax": 0,
        "othercomprehensiveincomelossnetoftax": 80000000,
        "comprehensiveincomenetoftaxincludingportionattributabletononcontrollinginterest": 473000000,
        "investmentadvisoryfees": 1561000000,
        "distributionfees": 430000000,
        "netincomefrominvestment": 391000000,
        "premiumsearnednet": 348000000,
        "otherincome": 267000000,
        "revenues": 2997000000,
        "interestexpensedeposits": 12000000,
        "netrevenues": -2560000000,
        "distributionexpenses": 832000000,
        "interestcreditedtopolicyholdersaccountbalances": 171000000,
        "policyholderbenefitsandclaimsincurrednet": 611000000,
        "deferredpolicyacquisitioncostamortizationexpense": 69000000,
        "interestexpenseborrowings": 52000000,
        "generalandadministrativeexpense": 739000000,
        "costsandexpenses": 2474000000,
        "incomelossfromcontinuingoperationsbeforeincometaxes": 511000000,
        "incometaxexpensebenefit": -104000000,
        "earningspersharebasic": 2.53,
        "earningspersharediluted": 2.4899999999999998,
        "commonstockdividendspersharedeclared": 0.8300000000000001,
        "otherthantemporaryimpairmentlossesinvestmentsavailableforsalesecurities": 0,
        "otherthantemporaryimpairmentlossesinvestmentsportionrecognizedinearningsnetavailableforsalesecurities": 0
    },
    {
        "date": "2017-03-30",
        "symbol": "AMP",
        "period": "Q1",
        "netincomeloss": 403000000,
        "othercomprehensiveincomelossforeigncurrencytransactionandtranslationadjustmentnetoftax": 7000000,
        "othercomprehensiveincomelossavailableforsalesecuritiesadjustmentnetoftax": 7000000,
        "othercomprehensiveincomederivativesqualifyingashedgesnetoftaxportionattributabletoparent": 1000000,
        "othercomprehensiveincomelosspensionandotherpostretirementbenefitplansadjustmentnetoftax": -5000000,
        "othercomprehensiveincomelossadjustmentotherinvestmentsnetoftax": -1000000,
        "othercomprehensiveincomelossnetoftax": 19000000,
        "comprehensiveincomenetoftaxincludingportionattributabletononcontrollinginterest": 422000000,
        "investmentadvisoryfees": 1482000000,
        "distributionfees": 443000000,
        "netincomefrominvestment": 391000000,
        "premiumsearnednet": 339000000,
        "otherincome": 256000000,
        "revenues": 2911000000,
        "interestexpensedeposits": 10000000,
        "netrevenues": 2901000000,
        "distributionexpenses": 823000000,
        "interestcreditedtopolicyholdersaccountbalances": 162000000,
        "policyholderbenefitsandclaimsincurrednet": 567000000,
        "deferredpolicyacquisitioncostamortizationexpense": 72000000,
        "interestexpenseborrowings": 50000000,
        "generalandadministrativeexpense": 752000000,
        "costsandexpenses": 2426000000,
        "incomelossfromcontinuingoperationsbeforeincometaxes": 475000000,
        "incometaxexpensebenefit": 72000000,
        "earningspersharebasic": 2.56,
        "earningspersharediluted": 2.52,
        "commonstockdividendspersharedeclared": 0.75,
        "otherthantemporaryimpairmentlossesinvestmentsavailableforsalesecurities": 1000000,
        "otherthantemporaryimpairmentlossesinvestmentsportionrecognizedinearningsnetavailableforsalesecurities": 1000000
    },
    {
        "date": "2016-12-30",
        "symbol": "AMP",
        "period": "Q4",
        "profitloss": 400000000,
        "othercomprehensiveincomelossforeigncurrencytransactionandtranslationadjustmentnetoftax": -21000000,
        "othercomprehensiveincomelossavailableforsalesecuritiesadjustmentnetoftax": -335000000,
        "othercomprehensiveincomederivativesqualifyingashedgesnetoftaxportionattributabletoparent": 1000000,
        "othercomprehensiveincomelossnetoftax": -395000000,
        "comprehensiveincomenetoftaxincludingportionattributabletononcontrollinginterest": 5000000,
        "comprehensiveincomenetoftax": 5000000,
        "investmentadvisoryfees": -4290000000,
        "distributionfees": 457000000,
        "netincomefrominvestment": 486000000,
        "premiumsearnednet": -40000000,
        "otherincome": -823000000,
        "revenues": -8641000000,
        "interestexpensedeposits": -28000000,
        "netrevenues": 156000000,
        "distributionexpenses": 831000000,
        "interestcreditedtopolicyholdersaccountbalances": 158000000,
        "policyholderbenefitsandclaimsincurrednet": -1893000000,
        "deferredpolicyacquisitioncostamortizationexpense": 55000000,
        "interestexpenseborrowings": -47000000,
        "generalandadministrativeexpense": -2029000000,
        "costsandexpenses": -7165000000,
        "incomelossfromcontinuingoperationsbeforeincometaxes": 469000000,
        "incometaxexpensebenefit": -355000000,
        "netincomeloss": 400000000,
        "earningspersharebasic": 2.47,
        "earningspersharediluted": 2.4399999999999995,
        "commonstockdividendspersharedeclared": 0.7499999999999999
    },
    {
        "date": "2016-09-29",
        "symbol": "AMP",
        "period": "Q3",
        "profitloss": 215000000,
        "othercomprehensiveincomelossforeigncurrencytransactionandtranslationadjustmentnetoftax": -16000000,
        "othercomprehensiveincomelossavailableforsalesecuritiesadjustmentnetoftax": -28000000,
        "othercomprehensiveincomederivativesqualifyingashedgesnetoftaxportionattributabletoparent": 1000000,
        "othercomprehensiveincomelossnetoftax": -43000000,
        "comprehensiveincomenetoftaxincludingportionattributabletononcontrollinginterest": 172000000,
        "comprehensiveincomenetoftax": 172000000,
        "investmentadvisoryfees": 1464000000,
        "distributionfees": 455000000,
        "netincomefrominvestment": 387000000,
        "premiumsearnednet": 374000000,
        "otherincome": 330000000,
        "revenues": 3010000000,
        "interestexpensedeposits": 12000000,
        "netrevenues": 162000000,
        "distributionexpenses": 798000000,
        "interestcreditedtopolicyholdersaccountbalances": 161000000,
        "policyholderbenefitsandclaimsincurrednet": 855000000,
        "deferredpolicyacquisitioncostamortizationexpense": 163000000,
        "interestexpenseborrowings": 52000000,
        "generalandadministrativeexpense": 731000000,
        "costsandexpenses": 2760000000,
        "incomelossfromcontinuingoperationsbeforeincometaxes": 238000000,
        "incometaxexpensebenefit": 23000000,
        "netincomeloss": 215000000,
        "earningspersharebasic": 1.33,
        "earningspersharediluted": 1.3100000000000005,
        "commonstockdividendspersharedeclared": 0.7499999999999999
    },
    {
        "date": "2016-06-29",
        "symbol": "AMP",
        "period": "Q2",
        "profitloss": 335000000,
        "othercomprehensiveincomelossforeigncurrencytransactionandtranslationadjustmentnetoftax": -28000000,
        "othercomprehensiveincomelossavailableforsalesecuritiesadjustmentnetoftax": 217000000,
        "othercomprehensiveincomederivativesqualifyingashedgesnetoftaxportionattributabletoparent": 1000000,
        "othercomprehensiveincomelossnetoftax": 196000000,
        "comprehensiveincomenetoftaxincludingportionattributabletononcontrollinginterest": 531000000,
        "comprehensiveincomenetoftax": 531000000,
        "investmentadvisoryfees": 1439000000,
        "distributionfees": 448000000,
        "netincomefrominvestment": 372000000,
        "premiumsearnednet": 372000000,
        "otherincome": 248000000,
        "revenues": 2879000000,
        "interestexpensedeposits": 8000000,
        "netrevenues": -2427000000,
        "distributionexpenses": 803000000,
        "interestcreditedtopolicyholdersaccountbalances": 158000000,
        "policyholderbenefitsandclaimsincurrednet": 597000000,
        "deferredpolicyacquisitioncostamortizationexpense": 87000000,
        "interestexpenseborrowings": 53000000,
        "generalandadministrativeexpense": 763000000,
        "costsandexpenses": 2461000000,
        "incomelossfromcontinuingoperationsbeforeincometaxes": 410000000,
        "incometaxexpensebenefit": 75000000,
        "netincomeloss": 335000000,
        "earningspersharebasic": 1.9899999999999998,
        "earningspersharediluted": 1.9699999999999998,
        "commonstockdividendspersharedeclared": 0.7499999999999999,
        "otherthantemporaryimpairmentlossesinvestmentsavailableforsalesecurities": 0,
        "otherthantemporaryimpairmentlossesinvestmentsportioninothercomprehensiveincomelossbeforetaxincludingportionattributabletononcontrollinginterestavailableforsalesecurities": 0,
        "otherthantemporaryimpairmentlossesinvestmentsportionrecognizedinearningsnetavailableforsalesecurities": 0
    },
    {
        "date": "2016-03-30",
        "symbol": "AMP",
        "period": "Q1",
        "profitloss": 364000000,
        "othercomprehensiveincomelossforeigncurrencytransactionandtranslationadjustmentnetoftax": -11000000,
        "othercomprehensiveincomelossavailableforsalesecuritiesadjustmentnetoftax": 193000000,
        "othercomprehensiveincomederivativesqualifyingashedgesnetoftaxportionattributabletoparent": 1000000,
        "othercomprehensiveincomelossnetoftax": 183000000,
        "comprehensiveincomenetoftaxincludingportionattributabletononcontrollinginterest": 547000000,
        "comprehensiveincomenetoftax": 547000000,
        "investmentadvisoryfees": 1386000000,
        "distributionfees": 435000000,
        "netincomefrominvestment": 331000000,
        "premiumsearnednet": 368000000,
        "otherincome": 254000000,
        "revenues": 2774000000,
        "interestexpensedeposits": 9000000,
        "netrevenues": 2765000000,
        "distributionexpenses": 770000000,
        "interestcreditedtopolicyholdersaccountbalances": 146000000,
        "policyholderbenefitsandclaimsincurrednet": 482000000,
        "deferredpolicyacquisitioncostamortizationexpense": 110000000,
        "interestexpenseborrowings": 55000000,
        "generalandadministrativeexpense": 727000000,
        "costsandexpenses": 2290000000,
        "incomelossfromcontinuingoperationsbeforeincometaxes": 475000000,
        "incometaxexpensebenefit": 111000000,
        "netincomeloss": 364000000,
        "earningspersharebasic": 2.11,
        "earningspersharediluted": 2.09,
        "commonstockdividendspersharedeclared": 0.67,
        "otherthantemporaryimpairmentlossesinvestmentsavailableforsalesecurities": 2000000,
        "otherthantemporaryimpairmentlossesinvestmentsportioninothercomprehensiveincomelossbeforetaxincludingportionattributabletononcontrollinginterestavailableforsalesecurities": 1000000,
        "otherthantemporaryimpairmentlossesinvestmentsportionrecognizedinearningsnetavailableforsalesecurities": 1000000
    },
    {
        "date": "2015-12-30",
        "symbol": "AMP",
        "period": "Q4",
        "profitloss": 402000000,
        "othercomprehensiveincomelossforeigncurrencytransactionandtranslationadjustmentnetoftax": -40000000,
        "othercomprehensiveincomelossavailableforsalesecuritiesadjustmentnetoftax": -174000000,
        "othercomprehensiveincomelossnetoftax": 13000000,
        "comprehensiveincomenetoftaxincludingportionattributabletononcontrollinginterest": -361000000,
        "comprehensiveincomenetoftaxattributabletononcontrollinginterest": -3000000,
        "comprehensiveincomenetoftax": 149000000,
        "investmentadvisoryfees": -4452000000,
        "distributionfees": 458000000,
        "netincomefrominvestment": 1694000000,
        "premiumsearnednet": -32000000,
        "otherincome": -925000000,
        "revenues": -9073000000,
        "interestexpensedeposits": 9000000,
        "netrevenues": -8029000000,
        "distributionexpenses": 816000000,
        "interestcreditedtopolicyholdersaccountbalances": 165000000,
        "policyholderbenefitsandclaimsincurrednet": -1534000000,
        "deferredpolicyacquisitioncostamortizationexpense": 52000000,
        "interestexpenseborrowings": 127000000,
        "generalandadministrativeexpense": -2095000000,
        "costsandexpenses": -7041000000,
        "incomelossfromcontinuingoperationsbeforeincometaxes": 908000000,
        "incometaxexpensebenefit": -125000000,
        "incomelossfromcontinuingoperationsincludingportionattributabletononcontrollinginterest": 380000000,
        "netincomelossattributabletononcontrollinginterest": 23000000,
        "netincomeloss": 357000000,
        "incomelossfromcontinuingoperationsperbasicshare": 2.029999999999999,
        "earningspersharebasic": 2.029999999999999,
        "incomelossfromcontinuingoperationsperdilutedshare": 2.0100000000000007,
        "earningspersharediluted": 2.0100000000000007,
        "commonstockdividendspersharedeclared": 0.67
    },
    {
        "date": "2015-09-29",
        "symbol": "AMP",
        "period": "Q3",
        "profitloss": 352000000,
        "othercomprehensiveincomelossforeigncurrencytransactionandtranslationadjustmentnetoftax": -65000000,
        "othercomprehensiveincomeunrealizedholdinggainlossonsecuritiesarisingduringperiodnetoftax": -76000000,
        "othercomprehensiveincomelossreclassificationadjustmentfromaociforsaleofsecuritiesnetoftax": -6000000,
        "othercomprehensiveincomeimpactofdacdsicunearnedrevenuebenefitreservesandreinsurancerecoverablesnetoftax": 51000000,
        "othercomprehensiveincomelossavailableforsalesecuritiesadjustmentnetoftax": -19000000,
        "othercomprehensiveincomelossreclassificationadjustmentfromaocionderivativesnetoftax": -1000000,
        "othercomprehensiveincomederivativesqualifyingashedgesnetoftaxportionattributabletoparent": 1000000,
        "othercomprehensiveincomelossnetoftax": -83000000,
        "comprehensiveincomenetoftaxincludingportionattributabletononcontrollinginterest": 269000000,
        "comprehensiveincomenetoftaxattributabletononcontrollinginterest": -89000000,
        "comprehensiveincomenetoftax": 358000000,
        "investmentadvisoryfees": 1465000000,
        "distributionfees": 451000000,
        "netincomefrominvestment": 10000000,
        "premiumsearnednet": 360000000,
        "otherincome": 296000000,
        "revenues": 2893000000,
        "interestexpensedeposits": 7000000,
        "netrevenues": 2886000000,
        "distributionexpenses": 806000000,
        "interestcreditedtopolicyholdersaccountbalances": 171000000,
        "policyholderbenefitsandclaimsincurrednet": 471000000,
        "deferredpolicyacquisitioncostamortizationexpense": 133000000,
        "interestexpenseborrowings": -1000000,
        "generalandadministrativeexpense": 744000000,
        "costsandexpenses": 2423000000,
        "incomelossfromcontinuingoperationsbeforeincometaxes": 1000000,
        "incometaxexpensebenefit": -4000000,
        "incomelossfromcontinuingoperationsincludingportionattributabletononcontrollinginterest": 352000000,
        "netincomelossattributabletononcontrollinginterest": -45000000,
        "netincomeloss": 397000000,
        "incomelossfromcontinuingoperationsperbasicshare": 2.2,
        "earningspersharebasic": 2.2,
        "incomelossfromcontinuingoperationsperdilutedshare": 2.17,
        "earningspersharediluted": 2.17,
        "commonstockdividendspersharedeclared": 0.67,
        "otherthantemporaryimpairmentlossesinvestmentsavailableforsalesecurities": 7000000,
        "otherthantemporaryimpairmentlossesinvestmentsportionrecognizedinearningsnetavailableforsalesecurities": 7000000
    },
    {
        "date": "2015-06-29",
        "symbol": "AMP",
        "period": "Q2",
        "profitloss": 415000000,
        "othercomprehensiveincomelossforeigncurrencytransactionandtranslationadjustmentnetoftax": 100000000,
        "othercomprehensiveincomeunrealizedholdinggainlossonsecuritiesarisingduringperiodnetoftax": -436000000,
        "othercomprehensiveincomelossreclassificationadjustmentfromaociforsaleofsecuritiesnetoftax": 3000000,
        "othercomprehensiveincomeimpactofdacdsicunearnedrevenuebenefitreservesandreinsurancerecoverablesnetoftax": 201000000,
        "othercomprehensiveincomelossavailableforsalesecuritiesadjustmentnetoftax": -238000000,
        "othercomprehensiveincomelossnetoftax": 66000000,
        "comprehensiveincomenetoftaxincludingportionattributabletononcontrollinginterest": 127000000,
        "comprehensiveincomenetoftaxattributabletononcontrollinginterest": 127000000,
        "comprehensiveincomenetoftax": 211000000,
        "investmentadvisoryfees": 1518000000,
        "distributionfees": 472000000,
        "netincomefrominvestment": -500000000,
        "premiumsearnednet": 368000000,
        "otherincome": 354000000,
        "revenues": 3135000000,
        "interestexpensedeposits": 7000000,
        "netrevenues": 3128000000,
        "distributionexpenses": 835000000,
        "interestcreditedtopolicyholdersaccountbalances": 160000000,
        "policyholderbenefitsandclaimsincurrednet": 543000000,
        "deferredpolicyacquisitioncostamortizationexpense": 94000000,
        "interestexpenseborrowings": -86000000,
        "generalandadministrativeexpense": 792000000,
        "costsandexpenses": 2513000000,
        "incomelossfromcontinuingoperationsbeforeincometaxes": 615000000,
        "incometaxexpensebenefit": -133000000,
        "incomelossfromcontinuingoperationsincludingportionattributabletononcontrollinginterest": 476000000,
        "netincomelossattributabletononcontrollinginterest": 61000000,
        "netincomeloss": 415000000,
        "incomelossfromcontinuingoperationsperbasicshare": 2.2600000000000002,
        "earningspersharebasic": 2.2600000000000002,
        "incomelossfromcontinuingoperationsperdilutedshare": 2.2199999999999998,
        "earningspersharediluted": 2.2199999999999998,
        "commonstockdividendspersharedeclared": 0.67,
        "otherthantemporaryimpairmentlossesinvestmentsavailableforsalesecurities": 0,
        "otherthantemporaryimpairmentlossesinvestmentsportionrecognizedinearningsnetavailableforsalesecurities": 0
    },
    {
        "date": "2015-03-30",
        "symbol": "AMP",
        "period": "Q1",
        "profitloss": 393000000,
        "othercomprehensiveincomelossforeigncurrencytransactionandtranslationadjustmentnetoftax": -85000000,
        "othercomprehensiveincomeunrealizedholdinggainlossonsecuritiesarisingduringperiodnetoftax": 147000000,
        "othercomprehensiveincomelossreclassificationadjustmentfromaociforsaleofsecuritiesnetoftax": 7000000,
        "othercomprehensiveincomeimpactofdacdsicunearnedrevenuebenefitreservesandreinsurancerecoverablesnetoftax": -69000000,
        "othercomprehensiveincomelossavailableforsalesecuritiesadjustmentnetoftax": 71000000,
        "othercomprehensiveincomelossnetoftax": -56000000,
        "comprehensiveincomenetoftaxincludingportionattributabletononcontrollinginterest": 30000000,
        "comprehensiveincomenetoftaxattributabletononcontrollinginterest": 30000000,
        "comprehensiveincomenetoftax": 435000000,
        "investmentadvisoryfees": 1468000000,
        "distributionfees": 466000000,
        "netincomefrominvestment": 484000000,
        "premiumsearnednet": 353000000,
        "otherincome": 289000000,
        "revenues": 3060000000,
        "interestexpensedeposits": 7000000,
        "netrevenues": 3053000000,
        "distributionexpenses": 819000000,
        "interestcreditedtopolicyholdersaccountbalances": 172000000,
        "policyholderbenefitsandclaimsincurrednet": 533000000,
        "deferredpolicyacquisitioncostamortizationexpense": 75000000,
        "interestexpenseborrowings": 84000000,
        "generalandadministrativeexpense": 752000000,
        "costsandexpenses": 2435000000,
        "incomelossfromcontinuingoperationsbeforeincometaxes": 618000000,
        "incometaxexpensebenefit": 139000000,
        "incomelossfromcontinuingoperationsincludingportionattributabletononcontrollinginterest": 479000000,
        "netincomelossattributabletononcontrollinginterest": 86000000,
        "netincomeloss": 393000000,
        "incomelossfromcontinuingoperationsperbasicshare": 2.11,
        "earningspersharebasic": 2.11,
        "incomelossfromcontinuingoperationsperdilutedshare": 2.08,
        "earningspersharediluted": 2.08,
        "commonstockdividendspersharedeclared": 0.58,
        "otherthantemporaryimpairmentlossesinvestmentsavailableforsalesecurities": 1000000,
        "otherthantemporaryimpairmentlossesinvestmentsportionrecognizedinearningsnetavailableforsalesecurities": 1000000
    },
    {
        "date": "2014-12-30",
        "symbol": "AMP",
        "period": "Q4",
        "profitloss": 1266000000,
        "othercomprehensiveincomelossforeigncurrencytransactionandtranslationadjustmentnetoftax": -9000000,
        "othercomprehensiveincomeunrealizedholdinggainlossonsecuritiesarisingduringperiodnetoftax": 4000000,
        "othercomprehensiveincomelossreclassificationadjustmentfromaociforsaleofsecuritiesnetoftax": 17000000,
        "othercomprehensiveincomelossavailableforsalesecuritiesadjustmentnetoftax": -34000000,
        "othercomprehensiveincomelossnetoftax": -214000000,
        "comprehensiveincomenetoftaxincludingportionattributabletononcontrollinginterest": -19000000,
        "comprehensiveincomenetoftaxattributabletononcontrollinginterest": -19000000,
        "comprehensiveincomenetoftax": 341000000,
        "investmentadvisoryfees": 1489000000,
        "distributionfees": 484000000,
        "netincomefrominvestment": -43000000,
        "premiumsearnednet": -64000000,
        "otherincome": -1100000000,
        "revenues": -9159000000,
        "interestexpensedeposits": 7000000,
        "netrevenues": 3089000000,
        "distributionexpenses": 827000000,
        "interestcreditedtopolicyholdersaccountbalances": 184000000,
        "policyholderbenefitsandclaimsincurrednet": -1403000000,
        "deferredpolicyacquisitioncostamortizationexpense": 86000000,
        "interestexpenseborrowings": 7000000,
        "generalandadministrativeexpense": -2125000000,
        "costsandexpenses": -6866000000,
        "incomelossfromcontinuingoperationsbeforeincometaxes": 0,
        "incomelossfromcontinuingoperationsincludingportionattributabletononcontrollinginterest": 454000000,
        "netincomelossattributabletononcontrollinginterest": 28000000,
        "netincomeloss": 425000000,
        "incomelossfromcontinuingoperationsperbasicshare": 2.2600000000000007,
        "earningspersharebasic": 2.259999999999999,
        "incomelossfromcontinuingoperationsperdilutedshare": 2.2200000000000006,
        "earningspersharediluted": 2.2200000000000006,
        "commonstockdividendspersharedeclared": 0.5799999999999998
    },
    {
        "date": "2014-09-29",
        "symbol": "AMP",
        "period": "Q3",
        "profitloss": 145000000,
        "othercomprehensiveincomelossforeigncurrencytransactionandtranslationadjustmentnetoftax": -84000000,
        "othercomprehensiveincomeunrealizedholdinggainlossonsecuritiesarisingduringperiodnetoftax": -137000000,
        "othercomprehensiveincomelossreclassificationadjustmentfromaociforsaleofsecuritiesnetoftax": 12000000,
        "othercomprehensiveincomeimpactofdacdsicbenefitreservesandreinsurancerecoverablesnetoftax": -1000000,
        "othercomprehensiveincomelossavailableforsalesecuritiesadjustmentnetoftax": -142000000,
        "othercomprehensiveincomelossnetoftax": -174000000,
        "comprehensiveincomenetoftaxincludingportionattributabletononcontrollinginterest": 94000000,
        "comprehensiveincomenetoftaxattributabletononcontrollinginterest": 94000000,
        "comprehensiveincomenetoftax": 246000000,
        "investmentadvisoryfees": 1483000000,
        "distributionfees": 464000000,
        "netincomefrominvestment": 10000000,
        "premiumsearnednet": 351000000,
        "otherincome": 392000000,
        "revenues": 3118000000,
        "interestexpensedeposits": 7000000,
        "netrevenues": 3111000000,
        "distributionexpenses": 813000000,
        "interestcreditedtopolicyholdersaccountbalances": 168000000,
        "policyholderbenefitsandclaimsincurrednet": 458000000,
        "deferredpolicyacquisitioncostamortizationexpense": 116000000,
        "interestexpenseborrowings": -1000000,
        "generalandadministrativeexpense": 757000000,
        "costsandexpenses": 2391000000,
        "incomelossfromcontinuingoperationsbeforeincometaxes": -1268000000,
        "incomelossfromcontinuingoperationsincludingportionattributabletononcontrollinginterest": 565000000,
        "netincomelossattributabletononcontrollinginterest": 145000000,
        "netincomeloss": 420000000,
        "incomelossfromcontinuingoperationsperbasicshare": 2.21,
        "earningspersharebasic": 2.2,
        "incomelossfromcontinuingoperationsperdilutedshare": 2.17,
        "earningspersharediluted": 2.16,
        "commonstockdividendspersharedeclared": 0.5799999999999998
    },
    {
        "date": "2014-06-29",
        "symbol": "AMP",
        "period": "Q2",
        "profitloss": -192000000,
        "othercomprehensiveincomelossforeigncurrencytransactionandtranslationadjustmentnetoftax": 38000000,
        "othercomprehensiveincomeunrealizedholdinggainlossonsecuritiesarisingduringperiodnetoftax": 239000000,
        "othercomprehensiveincomelossreclassificationadjustmentfromaociforsaleofsecuritiesnetoftax": -1000000,
        "othercomprehensiveincomeimpactofdacdsicbenefitreservesandreinsurancerecoverablesnetoftax": -76000000,
        "othercomprehensiveincomelossavailableforsalesecuritiesadjustmentnetoftax": 162000000,
        "othercomprehensiveincomelossnetoftax": 174000000,
        "comprehensiveincomenetoftaxincludingportionattributabletononcontrollinginterest": -308000000,
        "comprehensiveincomenetoftaxattributabletononcontrollinginterest": 119000000,
        "comprehensiveincomenetoftax": 548000000,
        "investmentadvisoryfees": 1452000000,
        "distributionfees": 470000000,
        "netincomefrominvestment": -7000000,
        "premiumsearnednet": 345000000,
        "otherincome": 379000000,
        "revenues": 3079000000,
        "interestexpensedeposits": 7000000,
        "netrevenues": 3072000000,
        "distributionexpenses": 810000000,
        "interestcreditedtopolicyholdersaccountbalances": 175000000,
        "policyholderbenefitsandclaimsincurrednet": 506000000,
        "deferredpolicyacquisitioncostamortizationexpense": 78000000,
        "interestexpenseborrowings": -1000000,
        "generalandadministrativeexpense": 805000000,
        "costsandexpenses": 2453000000,
        "incomelossfromcontinuingoperationsbeforeincometaxes": 619000000,
        "incometaxexpensebenefit": 0,
        "incomelossfromcontinuingoperationsincludingportionattributabletononcontrollinginterest": 467000000,
        "incomelossfromdiscontinuedoperationsnetoftax": 0,
        "netincomelossattributabletononcontrollinginterest": 93000000,
        "netincomeloss": 374000000,
        "incomelossfromcontinuingoperationsperbasicshare": 1.9400000000000004,
        "earningspersharebasic": 1.9400000000000004,
        "incomelossfromcontinuingoperationsperdilutedshare": 1.9100000000000001,
        "earningspersharediluted": 1.9100000000000001,
        "commonstockdividendspersharedeclared": 0.5800000000000001,
        "otherthantemporaryimpairmentlossesinvestmentsavailableforsalesecurities": 0,
        "otherthantemporaryimpairmentlossesinvestmentsportionrecognizedinearningsnetavailableforsalesecurities": 0
    },
    {
        "date": "2014-03-30",
        "symbol": "AMP",
        "period": "Q1",
        "profitloss": 400000000,
        "othercomprehensiveincomelossforeigncurrencytransactionandtranslationadjustmentnetoftax": 15000000,
        "othercomprehensiveincomeunrealizedholdinggainlossonsecuritiesarisingduringperiodnetoftax": 239000000,
        "othercomprehensiveincomelossreclassificationadjustmentfromaociforsaleofsecuritiesnetoftax": -3000000,
        "othercomprehensiveincomeimpactofdacdsicbenefitreservesandreinsurancerecoverablesnetoftax": -91000000,
        "othercomprehensiveincomelossavailableforsalesecuritiesadjustmentnetoftax": 145000000,
        "othercomprehensiveincomelossnetoftax": 151000000,
        "comprehensiveincomenetoftaxincludingportionattributabletononcontrollinginterest": 551000000,
        "comprehensiveincomenetoftaxattributabletononcontrollinginterest": 124000000,
        "comprehensiveincomenetoftax": 551000000,
        "investmentadvisoryfees": 1386000000,
        "distributionfees": 476000000,
        "netincomefrominvestment": 1000000,
        "premiumsearnednet": 330000000,
        "otherincome": 340000000,
        "revenues": 3003000000,
        "interestexpensedeposits": 7000000,
        "netrevenues": 2996000000,
        "distributionexpenses": 786000000,
        "interestcreditedtopolicyholdersaccountbalances": 186000000,
        "policyholderbenefitsandclaimsincurrednet": 450000000,
        "deferredpolicyacquisitioncostamortizationexpense": 87000000,
        "interestexpenseborrowings": -1000000,
        "generalandadministrativeexpense": 758000000,
        "costsandexpenses": 2346000000,
        "incomelossfromcontinuingoperationsbeforeincometaxes": 650000000,
        "incometaxexpensebenefit": 2000000,
        "incomelossfromcontinuingoperationsincludingportionattributabletononcontrollinginterest": 516000000,
        "incomelossfromdiscontinuedoperationsnetoftax": -1000000,
        "netincomelossattributabletononcontrollinginterest": 115000000,
        "netincomeloss": 400000000,
        "incomelossfromcontinuingoperationsperbasicshare": 2.05,
        "earningspersharebasic": 2.05,
        "incomelossfromcontinuingoperationsperdilutedshare": 2.01,
        "earningspersharediluted": 2.01,
        "commonstockdividendspersharedeclared": 0.52,
        "otherthantemporaryimpairmentlossesinvestmentsavailableforsalesecurities": 1000000,
        "otherthantemporaryimpairmentlossesinvestmentsportionrecognizedinearningsnetavailableforsalesecurities": 1000000
    },
    {
        "date": "2013-12-30",
        "symbol": "AMP",
        "period": "Q4",
        "profitloss": 895000000,
        "othercomprehensiveincomeunrealizedholdinggainlossonsecuritiesarisingduringperiodnetoftax": -102000000,
        "othercomprehensiveincomeimpactofdacdsicbenefitreservesandreinsurancerecoverablesnetoftax": 36000000,
        "othercomprehensiveincomelossavailableforsalesecuritiesadjustmentnetoftax": -66000000,
        "othercomprehensiveincomelossnetoftax": -585000000,
        "comprehensiveincomenetoftaxincludingportionattributabletononcontrollinginterest": 310000000,
        "comprehensiveincomenetoftaxattributabletononcontrollinginterest": 103000000,
        "comprehensiveincomenetoftax": 286000000,
        "investmentadvisoryfees": -3852000000,
        "distributionfees": -1322000000,
        "netincomefrominvestment": 14000000,
        "premiumsearnednet": -97000000,
        "otherincome": -711000000,
        "revenues": -8232000000,
        "interestexpensedeposits": 7000000,
        "netrevenues": -8208000000,
        "distributionexpenses": 793000000,
        "interestcreditedtopolicyholdersaccountbalances": 206000000,
        "policyholderbenefitsandclaimsincurrednet": 563000000,
        "deferredpolicyacquisitioncostamortizationexpense": 54000000,
        "interestexpenseborrowings": 123000000,
        "generalandadministrativeexpense": -1960000000,
        "costsandexpenses": -6399000000,
        "incomelossfromcontinuingoperationsbeforeincometaxes": -889000000,
        "incometaxexpensebenefit": -328000000,
        "incomelossfromcontinuingoperationsincludingportionattributabletononcontrollinginterest": 382000000,
        "incomelossfromdiscontinuedoperationsnetoftax": -2000000,
        "netincomelossattributabletononcontrollinginterest": 84000000,
        "netincomelossavailabletocommonstockholdersbasic": -656000000,
        "incomelossfromcontinuingoperationsperbasicshare": 1.4999999999999993,
        "earningspersharebasic": 1.4900000000000004,
        "incomelossfromcontinuingoperationsperdilutedshare": 1.4699999999999998,
        "earningspersharediluted": 1.46,
        "commonstockdividendspersharedeclared": 0.5199999999999998,
        "otherthantemporaryimpairmentlossesinvestmentsavailableforsalesecurities": 0,
        "otherthantemporaryimpairmentlossesinvestmentsportioninothercomprehensiveincomelossbeforetaxincludingportionattributabletononcontrollinginterestavailableforsalesecurities": -3000000,
        "otherthantemporaryimpairmentlossesinvestmentsportionrecognizedinearningsnetavailableforsalesecurities": 3000000
    },
    {
        "date": "2013-09-29",
        "symbol": "AMP",
        "period": "Q3",
        "profitloss": 449000000,
        "othercomprehensiveincomelossforeigncurrencytransactionandtranslationadjustmentnetoftax": 80000000,
        "othercomprehensiveincomeunrealizedholdinggainlossonsecuritiesarisingduringperiodnetoftax": -67000000,
        "othercomprehensiveincomelossreclassificationadjustmentforsaleofsecuritiesincludedinnetincomenetoftax": -5000000,
        "othercomprehensiveincomeimpactofdacdsicbenefitreservesandreinsurancerecoverablesnetoftax": 18000000,
        "othercomprehensiveincomelossavailableforsalesecuritiesadjustmentnetoftax": -54000000,
        "othercomprehensiveincomelossreclassificationadjustmentonderivativesincludedinnetincomenetoftax": 1000000,
        "othercomprehensiveincomelossderivativesqualifyingashedgesnetoftax": 1000000,
        "othercomprehensiveincomelossnetoftax": 27000000,
        "comprehensiveincomenetoftaxincludingportionattributabletononcontrollinginterest": 476000000,
        "comprehensiveincomenetoftaxattributabletononcontrollinginterest": 114000000,
        "comprehensiveincomenetoftax": 362000000,
        "investmentadvisoryfees": 1318000000,
        "distributionfees": 441000000,
        "netincomefrominvestment": -7000000,
        "premiumsearnednet": 324000000,
        "otherincome": 247000000,
        "revenues": 2821000000,
        "interestexpensedeposits": 8000000,
        "netrevenues": 2813000000,
        "distributionexpenses": 757000000,
        "interestcreditedtopolicyholdersaccountbalances": 204000000,
        "policyholderbenefitsandclaimsincurrednet": 492000000,
        "deferredpolicyacquisitioncostamortizationexpense": -14000000,
        "interestexpenseborrowings": -2000000,
        "generalandadministrativeexpense": 704000000,
        "costsandexpenses": 2211000000,
        "incomelossfromcontinuingoperationsbeforeincometaxes": 1000000,
        "incometaxexpensebenefit": 2000000,
        "incomelossfromcontinuingoperationsincludingportionattributabletononcontrollinginterest": 448000000,
        "incomelossfromdiscontinuedoperationsnetoftax": 1000000,
        "netincomelossattributabletononcontrollinginterest": 67000000,
        "netincomelossavailabletocommonstockholdersbasic": 1000000,
        "incomelossfromcontinuingoperationsperbasicshare": 1.9,
        "earningspersharebasic": 1.9,
        "incomelossfromcontinuingoperationsperdilutedshare": 1.86,
        "earningspersharediluted": 1.86,
        "commonstockdividendspersharedeclared": 0.52,
        "otherthantemporaryimpairmentlossesinvestmentsavailableforsalesecurities": 7000000,
        "otherthantemporaryimpairmentlossesinvestmentsportioninothercomprehensiveincomelossbeforetaxincludingportionattributabletononcontrollinginterestavailableforsalesecurities": 6000000,
        "otherthantemporaryimpairmentlossesinvestmentsportionrecognizedinearningsnetavailableforsalesecurities": 1000000
    },
    {
        "date": "2013-06-29",
        "symbol": "AMP",
        "period": "Q2",
        "investmentadvisoryfees": 1294000000,
        "distributionfees": 448000000,
        "netincomefrominvestment": -1000000,
        "premiumsearnednet": 315000000,
        "otherincome": 249000000,
        "revenues": 2757000000,
        "interestexpensedeposits": 8000000,
        "netrevenues": 2749000000,
        "distributionexpenses": 760000000,
        "interestcreditedtopolicyholdersaccountbalances": 198000000,
        "policyholderbenefitsandclaimsincurrednet": 490000000,
        "deferredpolicyacquisitioncostamortizationexpense": 92000000,
        "interestexpenseborrowings": -64000000,
        "generalandadministrativeexpense": 747000000,
        "costsandexpenses": 2347000000,
        "incomelossfromcontinuingoperationsbeforeincometaxes": 402000000,
        "incometaxexpensebenefit": 120000000,
        "incomelossfromcontinuingoperationsincludingportionattributabletononcontrollinginterest": 282000000,
        "incomelossfromdiscontinuedoperationsnetoftax": -1000000,
        "profitloss": -375000000,
        "netincomelossattributabletononcontrollinginterest": -40000000,
        "netincomelossavailabletocommonstockholdersbasic": 321000000,
        "incomelossfromcontinuingoperationsperbasicshare": 1.57,
        "earningspersharebasic": 1.5599999999999998,
        "incomelossfromcontinuingoperationsperdilutedshare": 1.5499999999999998,
        "earningspersharediluted": 1.54,
        "commonstockdividendspersharedeclared": 0.52,
        "otherthantemporaryimpairmentlossesinvestmentsavailableforsalesecurities": 3000000,
        "otherthantemporaryimpairmentlossesinvestmentsportioninothercomprehensiveincomelossbeforetaxincludingportionattributabletononcontrollinginterestavailableforsalesecurities": -3000000,
        "otherthantemporaryimpairmentlossesinvestmentsportionrecognizedinearningsnetavailableforsalesecurities": 2000000,
        "othercomprehensiveincomelossforeigncurrencytransactionandtranslationadjustmentnetoftax": 0,
        "othercomprehensiveincomeunrealizedholdinggainlossonsecuritiesarisingduringperiodnetoftax": -661000000,
        "othercomprehensiveincomeimpactofdacdsicbenefitreservesandreinsurancerecoverablesnetoftax": 201000000,
        "othercomprehensiveincomelossavailableforsalesecuritiesadjustmentnetoftax": -459000000,
        "othercomprehensiveincomelossnetoftax": 110000000,
        "comprehensiveincomenetoftaxincludingportionattributabletononcontrollinginterest": -276000000,
        "comprehensiveincomenetoftaxattributabletononcontrollinginterest": -40000000,
        "comprehensiveincomenetoftax": -138000000
    },
    {
        "date": "2013-03-30",
        "symbol": "AMP",
        "period": "Q1",
        "investmentadvisoryfees": 1244000000,
        "distributionfees": 434000000,
        "netincomefrominvestment": -1000000,
        "premiumsearnednet": 310000000,
        "otherincome": 222000000,
        "revenues": 2699000000,
        "interestexpensedeposits": 8000000,
        "netrevenues": 2691000000,
        "distributionexpenses": 726000000,
        "interestcreditedtopolicyholdersaccountbalances": 198000000,
        "policyholderbenefitsandclaimsincurrednet": 409000000,
        "deferredpolicyacquisitioncostamortizationexpense": 75000000,
        "interestexpenseborrowings": 66000000,
        "generalandadministrativeexpense": 730000000,
        "costsandexpenses": 2204000000,
        "incomelossfromcontinuingoperationsbeforeincometaxes": 487000000,
        "incometaxexpensebenefit": 121000000,
        "incomelossfromcontinuingoperationsincludingportionattributabletononcontrollinginterest": 366000000,
        "incomelossfromdiscontinuedoperationsnetoftax": -1000000,
        "profitloss": 365000000,
        "netincomelossattributabletononcontrollinginterest": 30000000,
        "netincomelossavailabletocommonstockholdersbasic": 335000000,
        "incomelossfromcontinuingoperationsperbasicshare": 1.61,
        "earningspersharebasic": 1.61,
        "incomelossfromcontinuingoperationsperdilutedshare": 1.58,
        "earningspersharediluted": 1.58,
        "commonstockdividendspersharedeclared": 0.45,
        "otherthantemporaryimpairmentlossesinvestmentsavailableforsalesecurities": 1000000,
        "otherthantemporaryimpairmentlossesinvestmentsportioninothercomprehensiveincomelossbeforetaxincludingportionattributabletononcontrollinginterestavailableforsalesecurities": 2000000,
        "otherthantemporaryimpairmentlossesinvestmentsportionrecognizedinearningsnetavailableforsalesecurities": 3000000,
        "othercomprehensiveincomelossforeigncurrencytransactionandtranslationadjustmentnetoftax": -73000000,
        "othercomprehensiveincomeunrealizedholdinggainlossonsecuritiesarisingduringperiodnetoftax": -141000000,
        "othercomprehensiveincomelossreclassificationadjustmentforsaleofsecuritiesincludedinnetincomenetoftax": -1000000,
        "othercomprehensiveincomeimpactofdacdsicbenefitreservesandreinsurancerecoverablesnetoftax": 64000000,
        "othercomprehensiveincomelossavailableforsalesecuritiesadjustmentnetoftax": -78000000,
        "othercomprehensiveincomelossnetoftax": -151000000,
        "comprehensiveincomenetoftaxincludingportionattributabletononcontrollinginterest": 225000000,
        "comprehensiveincomenetoftaxattributabletononcontrollinginterest": -11000000,
        "comprehensiveincomenetoftax": 225000000
    },
    {
        "date": "2012-09-29",
        "symbol": "AMP",
        "period": "Q3",
        "investmentadvisoryfees": 1191000000,
        "distributionfees": 391000000,
        "netincomefrominvestment": 427000000,
        "premiumsearnednet": 309000000,
        "otherincome": 161000000,
        "revenues": 2479000000,
        "interestexpensedeposits": 11000000,
        "netrevenues": 2468000000,
        "distributionexpenses": 667000000,
        "interestcreditedtopolicyholdersaccountbalances": 207000000,
        "policyholderbenefitsandclaimsincurrednet": 529000000,
        "deferredpolicyacquisitioncostamortizationexpense": 67000000,
        "interestexpenseborrowings": 68000000,
        "generalandadministrativeexpense": 731000000,
        "costsandexpenses": 2269000000,
        "incomelossfromcontinuingoperationsbeforeincometaxes": 199000000,
        "incometaxexpensebenefit": 47000000,
        "incomelossfromcontinuingoperationsincludingportionattributabletononcontrollinginterest": 152000000,
        "incomelossfromdiscontinuedoperationsnetoftax": -1000000,
        "profitloss": 151000000,
        "netincomelossattributabletononcontrollinginterest": -22000000,
        "netincomelossavailabletocommonstockholdersbasic": 173000000,
        "incomelossfromcontinuingoperationsperbasicshare": 0.8200000000000003,
        "earningspersharebasic": 0.81,
        "incomelossfromcontinuingoperationsperdilutedshare": 0.8000000000000003,
        "earningspersharediluted": 0.7999999999999998,
        "otherthantemporaryimpairmentlossesinvestmentsavailableforsalesecurities": 8000000,
        "otherthantemporaryimpairmentlossesinvestmentsportioninothercomprehensiveincomelossbeforetaxincludingportionattributabletononcontrollinginterestavailableforsalesecurities": 7000000,
        "otherthantemporaryimpairmentlossesinvestmentsportionrecognizedinearningsnetavailableforsalesecurities": 15000000,
        "othercomprehensiveincomeunrealizedholdinggainlossonsecuritiesarisingduringperiodnetoftax": 378000000,
        "othercomprehensiveincomeimpactofdacdsicbenefitreservesandreinsurancerecoverablesnetoftax": -112000000,
        "comprehensiveincomenetoftaxincludingportionattributabletononcontrollinginterest": 494000000,
        "comprehensiveincomenetoftaxattributabletononcontrollinginterest": -4000000,
        "comprehensiveincomenetoftax": 498000000
    },
    {
        "date": "2012-06-29",
        "symbol": "AMP",
        "period": "Q2",
        "investmentadvisoryfees": 1152000000,
        "distributionfees": 396000000,
        "netincomefrominvestment": 472000000,
        "premiumsearnednet": 302000000,
        "otherincome": 202000000,
        "revenues": 2524000000,
        "interestexpensedeposits": 10000000,
        "netrevenues": 2514000000,
        "distributionexpenses": 663000000,
        "interestcreditedtopolicyholdersaccountbalances": 209000000,
        "policyholderbenefitsandclaimsincurrednet": 396000000,
        "deferredpolicyacquisitioncostamortizationexpense": 99000000,
        "interestexpenseborrowings": 72000000,
        "generalandadministrativeexpense": 776000000,
        "costsandexpenses": 2215000000,
        "incomelossfromcontinuingoperationsbeforeincometaxes": 299000000,
        "incometaxexpensebenefit": 128000000,
        "incomelossfromcontinuingoperationsincludingportionattributabletononcontrollinginterest": 171000000,
        "incomelossfromdiscontinuedoperationsnetoftax": -1000000,
        "profitloss": 174000000,
        "netincomelossattributabletononcontrollinginterest": -53000000,
        "netincomelossavailabletocommonstockholdersbasic": 223000000,
        "incomelossfromcontinuingoperationsperbasicshare": 1.0099999999999998,
        "incomelossfromdiscontinuedoperationsnetoftaxperbasicshare": 0,
        "earningspersharebasic": 1.01,
        "incomelossfromcontinuingoperationsperdilutedshare": 0.9899999999999998,
        "incomelossfromdiscontinuedoperationsnetoftaxperdilutedshare": 0,
        "earningspersharediluted": 0.99,
        "otherthantemporaryimpairmentlossesinvestmentsavailableforsalesecurities": 14000000,
        "otherthantemporaryimpairmentlossesinvestmentsportioninothercomprehensiveincomelossbeforetaxincludingportionattributabletononcontrollinginterestavailableforsalesecurities": -6000000,
        "otherthantemporaryimpairmentlossesinvestmentsportionrecognizedinearningsnetavailableforsalesecurities": 8000000,
        "othercomprehensiveincomeunrealizedholdinggainlossonsecuritiesarisingduringperiodnetoftax": 156000000,
        "othercomprehensiveincomeimpactofdacdsicbenefitreservesandreinsurancerecoverablesnetoftax": -59000000,
        "othercomprehensiveincomeunrealizedgainlossonderivativesarisingduringperiodnetoftax": 0,
        "comprehensiveincomenetoftaxincludingportionattributabletononcontrollinginterest": 594000000,
        "comprehensiveincomenetoftaxattributabletononcontrollinginterest": -64000000,
        "comprehensiveincomenetoftax": 314000000
    },
    {
        "date": "2012-03-30",
        "symbol": "AMP",
        "period": "Q1",
        "investmentadvisoryfees": 1132000000,
        "distributionfees": 402000000,
        "netincomefrominvestment": 531000000,
        "premiumsearnednet": 301000000,
        "otherincome": 206000000,
        "revenues": 2572000000,
        "interestexpensedeposits": 11000000,
        "netrevenues": 2561000000,
        "distributionexpenses": 666000000,
        "interestcreditedtopolicyholdersaccountbalances": 206000000,
        "policyholderbenefitsandclaimsincurrednet": 492000000,
        "deferredpolicyacquisitioncostamortizationexpense": 31000000,
        "interestexpenseborrowings": 69000000,
        "generalandadministrativeexpense": 775000000,
        "costsandexpenses": 2239000000,
        "incomelossfromcontinuingoperationsbeforeincometaxes": 322000000,
        "incometaxexpensebenefit": 73000000,
        "incomelossfromcontinuingoperationsincludingportionattributabletononcontrollinginterest": 249000000,
        "incomelossfromdiscontinuedoperationsnetoftax": -1000000,
        "profitloss": 244000000,
        "netincomelossattributabletononcontrollinginterest": 4000000,
        "netincomelossavailabletocommonstockholdersbasic": 244000000,
        "incomelossfromcontinuingoperationsperbasicshare": 1.08,
        "incomelossfromdiscontinuedoperationsnetoftaxperbasicshare": -0.01,
        "earningspersharebasic": 1.07,
        "incomelossfromcontinuingoperationsperdilutedshare": 1.06,
        "incomelossfromdiscontinuedoperationsnetoftaxperdilutedshare": -0.01,
        "earningspersharediluted": 1.05,
        "otherthantemporaryimpairmentlossesinvestmentsavailableforsalesecurities": 5000000,
        "otherthantemporaryimpairmentlossesinvestmentsportioninothercomprehensiveincomelossbeforetaxincludingportionattributabletononcontrollinginterestavailableforsalesecurities": 1000000,
        "otherthantemporaryimpairmentlossesinvestmentsportionrecognizedinearningsnetavailableforsalesecurities": 6000000,
        "othercomprehensiveincomeforeigncurrencytransactionandtranslationadjustmentnetoftaxperiodincreasedecrease": 31000000,
        "othercomprehensiveincomeunrealizedholdinggainlossonsecuritiesarisingduringperiodnetoftax": 81000000,
        "othercomprehensiveincomereclassificationadjustmentforsaleofsecuritiesincludedinnetincomenetoftax": -1000000,
        "othercomprehensiveincomeimpactofdacdsicbenefitreservesandreinsurancerecoverablesnetoftax": -3000000,
        "othercomprehensiveincomeavailableforsalesecuritiesadjustmentnetoftaxperiodincreasedecrease": 79000000,
        "othercomprehensiveincomeunrealizedgainlossonderivativesarisingduringperiodnetoftax": 10000000,
        "othercomprehensiveincomereclassificationadjustmentonderivativesincludedinnetincomenetoftax": 1000000,
        "othercomprehensiveincomederivativesqualifyingashedgesnetoftaxperiodincreasedecrease": 9000000,
        "othercomprehensiveincomelossnetoftaxperiodincreasedecrease": 100000000,
        "comprehensiveincomenetoftaxincludingportionattributabletononcontrollinginterest": 23000000,
        "comprehensiveincomenetoftaxattributabletononcontrollinginterest": 23000000,
        "comprehensiveincomenetoftax": 344000000
    },
    {
        "date": "2011-09-29",
        "symbol": "AMP",
        "period": "Q3",
        "investmentadvisoryfees": 1127000000,
        "distributionfees": -11000000,
        "netincomefrominvestment": 12000000,
        "premiumsearnednet": 311000000,
        "otherincome": 195000000,
        "revenues": 2467000000,
        "interestexpensedeposits": -1000000,
        "netrevenues": 2455000000,
        "distributionexpenses": 624000000,
        "interestcreditedtopolicyholdersaccountbalances": 213000000,
        "policyholderbenefitsandclaimsincurrednet": 257000000,
        "deferredpolicyacquisitioncostamortizationexpense": 318000000,
        "interestexpenseborrowings": 71000000,
        "generalandadministrativeexpense": 725000000,
        "costsandexpenses": 2208000000,
        "incomelossfromcontinuingoperationsbeforeincometaxes": -164000000,
        "incometaxexpensebenefit": 81000000,
        "incomelossfromcontinuingoperationsincludingportionattributabletononcontrollinginterest": 166000000,
        "incomelossfromdiscontinuedoperationsnetoftax": 2000000,
        "profitloss": 168000000,
        "netincomelossattributabletononcontrollinginterest": -105000000,
        "netincomelossavailabletocommonstockholdersbasic": 273000000,
        "incomelossfromcontinuingoperationsperbasicshare": 1.14,
        "incomelossfromdiscontinuedoperationsnetoftaxperbasicshare": 0.01,
        "earningspersharebasic": 1.15,
        "incomelossfromcontinuingoperationsperdilutedshare": 1.12,
        "incomelossfromdiscontinuedoperationsnetoftaxperdilutedshare": 0.01,
        "earningspersharediluted": 1.13,
        "commonstockdividendspersharecashpaid": 0.23,
        "netinvestmentincomebeforeimpairmentlossesonsecurities": 450000000,
        "otherthantemporaryimpairmentlossesinvestmentsavailableforsalesecurities": 13000000,
        "otherthantemporaryimpairmentlossesinvestmentsportioninothercomprehensiveincomelossbeforetaxincludingportionattributabletononcontrollinginterestavailableforsalesecurities": -8000000,
        "otherthantemporaryimpairmentlossesinvestmentsportionrecognizedinearningsnetavailableforsalesecurities": 5000000
    },
    {
        "date": "2011-06-29",
        "symbol": "AMP",
        "period": "Q2",
        "investmentadvisoryfees": 1172000000,
        "distributionfees": 416000000,
        "netincomefrominvestment": 498000000,
        "premiumsearnednet": 312000000,
        "otherincome": 236000000,
        "revenues": 2634000000,
        "interestexpensedeposits": 11000000,
        "netrevenues": -10000000,
        "distributionexpenses": -2000000,
        "interestcreditedtopolicyholdersaccountbalances": 212000000,
        "policyholderbenefitsandclaimsincurrednet": 406000000,
        "deferredpolicyacquisitioncostamortizationexpense": 138000000,
        "interestexpenseborrowings": 75000000,
        "generalandadministrativeexpense": 750000000,
        "costsandexpenses": -10000000,
        "incomelossfromcontinuingoperationsbeforeincometaxes": -67000000,
        "incometaxexpensebenefit": 114000000,
        "incomelossfromcontinuingoperationsincludingportionattributabletononcontrollinginterest": -28000000,
        "incomelossfromdiscontinuedoperationsnetoftax": -4000000,
        "profitloss": -28000000,
        "netincomelossattributabletononcontrollinginterest": -28000000,
        "netincomeloss": 309000000,
        "incomelossfromcontinuingoperationsperbasicshare": 1.28,
        "incomelossfromdiscontinuedoperationsnetoftaxperbasicshare": -0.02,
        "earningspersharebasic": 1.26,
        "incomelossfromcontinuingoperationsperdilutedshare": 1.25,
        "incomelossfromdiscontinuedoperationsnetoftaxperdilutedshare": -0.02,
        "earningspersharediluted": 1.23,
        "weightedaveragenumberofsharesoutstandingbasic": 245500000,
        "weightedaveragenumberofdilutedsharesoutstanding": 251000000,
        "commonstockdividendspersharecashpaid": 0.23,
        "netinvestmentincomebeforeimpairmentlossesonsecurities": 514000000,
        "totalotherthantemporaryimpairmentsonsecurities": 43000000,
        "portionoflossrecognizedinothercomprehensiveincome": -27000000,
        "creditrelatedimpairmentsrecognizedinnetinvestmentincome": 16000000
    },
    {
        "date": "2011-03-30",
        "symbol": "AMP",
        "period": "Q1",
        "investmentadvisoryfees": 1184000000,
        "distributionfees": 467000000,
        "netincomefrominvestment": 515000000,
        "premiumsearnednet": 292000000,
        "otherincome": 209000000,
        "revenues": 2667000000,
        "interestexpensedeposits": -1000000,
        "netrevenues": 2654000000,
        "distributionexpenses": 2000000,
        "interestcreditedtopolicyholdersaccountbalances": 207000000,
        "policyholderbenefitsandclaimsincurrednet": 384000000,
        "deferredpolicyacquisitioncostamortizationexpense": 116000000,
        "interestexpenseborrowings": 75000000,
        "generalandadministrativeexpense": 885000000,
        "costsandexpenses": 2383000000,
        "incomelossfromcontinuingoperationsbeforeincometaxes": 271000000,
        "incometaxexpensebenefit": 48000000,
        "profitloss": -18000000,
        "netincomelossattributabletononcontrollinginterest": -18000000,
        "netincomeloss": 241000000,
        "earningspersharebasic": 0.96,
        "earningspersharediluted": 0.94,
        "weightedaveragenumberofsharesoutstandingbasic": 251600000,
        "weightedaveragenumberofdilutedsharesoutstanding": 257700000,
        "commonstockdividendspersharecashpaid": 0.18,
        "netinvestmentincomebeforeimpairmentlossesonsecurities": 517000000,
        "portionoflossrecognizedinothercomprehensiveincome": 2000000,
        "creditrelatedimpairmentsrecognizedinnetinvestmentincome": 2000000
    },
    {
        "date": "2010-03-30",
        "symbol": "AMP",
        "period": "Q1",
        "investmentadvisoryfees": 774000000,
        "distributionfees": 391000000,
        "netincomefrominvestment": 590000000,
        "premiumsearnednet": 282000000,
        "otherincome": 255000000,
        "revenues": 2292000000,
        "interestexpensedeposits": 21000000,
        "aggregaterevenue": 2271000000,
        "distributionexpenses": 525000000,
        "interestcreditedtopolicyholdersaccountbalances": 228000000,
        "policyholderbenefitsandclaimsincurrednet": 354000000,
        "deferredpolicyacquisitioncostamortizationexpense": 118000000,
        "interestexpenseborrowings": 64000000,
        "generalandadministrativeexpense": 621000000,
        "costsandexpenses": 1910000000,
        "incomelossfromcontinuingoperationsbeforeincometaxesminorityinterestandincomelossfromequitymethodinvestments": 361000000,
        "incometaxexpensebenefit": 65000000,
        "profitloss": 82000000,
        "netincomelossattributabletononcontrollinginterest": 82000000,
        "netincomeloss": 214000000,
        "earningspersharebasic": 0.82,
        "earningspersharediluted": 0.81,
        "weightedaveragenumberofsharesoutstandingbasic": 260800000,
        "weightedaveragenumberofdilutedsharesoutstanding": 265000000,
        "commonstockdividendspersharecashpaid": 0.17,
        "netinvestmentincomebeforeimpairmentlossesonsecurities": 620000000,
        "totalotherthantemporaryimpairmentsonsecurities": 32000000,
        "portionoflossrecognizedinothercomprehensiveincome": -2000000,
        "creditrelatedimpairmentsrecognizedinnetinvestmentincome": 30000000
    },
    {
        "date": "2009-06-29",
        "symbol": "AMP",
        "period": "Q2",
        "investmentadvisoryfees": 606000000,
        "distributionfees": 351000000,
        "netincomefrominvestment": 514000000,
        "premiumsearnednet": 269000000,
        "otherincome": 175000000,
        "revenues": 1915000000,
        "interestexpensedeposits": 38000000,
        "aggregaterevenue": 1877000000,
        "distributionexpenses": 425000000,
        "interestcreditedtopolicyholdersaccountbalances": 237000000,
        "policyholderbenefitsandclaimsincurrednet": 587000000,
        "deferredpolicyacquisitioncostamortizationexpense": -125000000,
        "interestexpenseborrowings": 28000000,
        "generalandadministrativeexpense": 610000000,
        "costsandexpenses": 1762000000,
        "incomelossfromcontinuingoperationsbeforeincometaxesminorityinterestandincomelossfromequitymethodinvestments": 115000000,
        "incometaxexpensebenefit": 28000000,
        "profitloss": 87000000,
        "netincomelossattributabletononcontrollinginterest": -8000000,
        "netincomeloss": 95000000,
        "earningspersharebasic": 0.41,
        "earningspersharediluted": 0.41,
        "weightedaveragenumberofsharesoutstandingbasic": 228800000,
        "weightedaveragenumberofdilutedsharesoutstanding": 230000000,
        "commonstockdividendspersharecashpaid": 0.17,
        "netinvestmentincomebeforeiimpairmentlossesonsecurities": 545000000,
        "totalotherthantemporaryimpairmentsonsecurities": 27000000,
        "portionoflossrecognizedinothercomprehensiveincome": 4000000,
        "creditrelatedimpairmentsrecognizedinnetinvestmentincome": 31000000
    }
]