[
    {
        "date": "2024-09-29",
        "symbol": "BR",
        "period": "Q1",
        "revenuefromcontractwithcustomerexcludingassessedtax": 1422900000,
        "costofgoodsandservicessold": 1075000000,
        "sellinggeneralandadministrativeexpense": 213400000,
        "costsandexpenses": 1288400000,
        "operatingincomeloss": 134400000,
        "interestincomeexpensenonoperatingnet": -32300000,
        "othernonoperatingincomeexpense": -1900000,
        "incomelossattributabletoparent": 100300000,
        "incometaxexpensebenefit": 20500000,
        "netincomeloss": 79800000,
        "earningspersharebasic": 0.68,
        "earningspersharediluted": 0.68,
        "weightedaveragenumberofsharesoutstandingbasic": 116900000,
        "weightedaveragenumberofdilutedsharesoutstanding": 118100000,
        "othercomprehensiveincomeforeigncurrencytransactionandtranslationadjustmentnetoftaxportionattributabletoparent": 28900000,
        "othercomprehensiveincomedefinedbenefitplansadjustmentnetoftaxportionattributabletoparent": -100000,
        "othercomprehensiveincomelosscashflowhedgegainlossafterreclassificationandtaxparent": 200000,
        "othercomprehensiveincomelossnetoftaxportionattributabletoparent": 29200000,
        "comprehensiveincomenetoftax": 109000000,
        "othercomprehensiveincomelosscashflowhedgegainlossafterreclassificationtaxparent": 100000
    },
    {
        "date": "2024-03-30",
        "symbol": "BR",
        "period": "Q3",
        "revenuefromcontractwithcustomerexcludingassessedtax": 1726400000,
        "costofgoodsandservicessold": 1187300000,
        "sellinggeneralandadministrativeexpense": 236300000,
        "costsandexpenses": 1423600000,
        "operatingincomeloss": 302900000,
        "interestincomeexpensenonoperatingnet": -35400000,
        "othernonoperatingincomeexpense": -1000000,
        "incomelossattributabletoparent": 266700000,
        "incometaxexpensebenefit": 52900000,
        "netincomeloss": 213700000,
        "earningspersharebasic": 1.81,
        "earningspersharediluted": 1.7900000000000003,
        "weightedaveragenumberofsharesoutstandingbasic": 117800000,
        "weightedaveragenumberofdilutedsharesoutstanding": 119200000,
        "othercomprehensiveincomeforeigncurrencytransactionandtranslationadjustmentnetoftaxportionattributabletoparent": 36200000,
        "othercomprehensiveincomedefinedbenefitplansadjustmentnetoftaxportionattributabletoparent": 0,
        "othercomprehensiveincomelosscashflowhedgegainlossafterreclassificationandtaxparent": 200000,
        "othercomprehensiveincomelossnetoftaxportionattributabletoparent": 36400000,
        "comprehensiveincomenetoftax": 250100000,
        "othercomprehensiveincomelosscashflowhedgegainlossafterreclassificationtaxparent": 0
    },
    {
        "date": "2023-12-30",
        "symbol": "BR",
        "period": "Q2",
        "revenuefromcontractwithcustomerexcludingassessedtax": 1405000000,
        "costofgoodsandservicessold": 1057200000,
        "sellinggeneralandadministrativeexpense": 223400000,
        "costsandexpenses": 1280600000,
        "operatingincomeloss": 124400000,
        "interestincomeexpensenonoperatingnet": -36300000,
        "othernonoperatingincomeexpense": -400000,
        "incomelossattributabletoparent": 87600000,
        "incometaxexpensebenefit": 17400000,
        "netincomeloss": 70300000,
        "earningspersharebasic": 0.6,
        "earningspersharediluted": 0.59,
        "weightedaveragenumberofsharesoutstandingbasic": 117700000,
        "weightedaveragenumberofdilutedsharesoutstanding": 119100000,
        "othercomprehensiveincomeforeigncurrencytransactionandtranslationadjustmentnetoftaxportionattributabletoparent": -49300000,
        "othercomprehensiveincomedefinedbenefitplansadjustmentnetoftaxportionattributabletoparent": -100000,
        "othercomprehensiveincomelosscashflowhedgegainlossafterreclassificationandtaxparent": 200000,
        "othercomprehensiveincomelossnetoftaxportionattributabletoparent": -49000000,
        "comprehensiveincomenetoftax": 21300000,
        "othercomprehensiveincomelosscashflowhedgegainlossafterreclassificationtaxparent": 100000
    },
    {
        "date": "2023-09-29",
        "symbol": "BR",
        "period": "Q1",
        "revenuefromcontractwithcustomerexcludingassessedtax": 1431100000,
        "costofgoodsandservicessold": 1075300000,
        "sellinggeneralandadministrativeexpense": 207300000,
        "costsandexpenses": 1282600000,
        "operatingincomeloss": 148400000,
        "interestincomeexpensenonoperatingnet": -33400000,
        "othernonoperatingincomeexpense": -2100000,
        "incomelossattributabletoparent": 112900000,
        "incometaxexpensebenefit": 22000000,
        "netincomeloss": 90900000,
        "earningspersharebasic": 0.77,
        "earningspersharediluted": 0.76,
        "weightedaveragenumberofsharesoutstandingbasic": 117900000,
        "weightedaveragenumberofdilutedsharesoutstanding": 119200000,
        "othercomprehensiveincomeforeigncurrencytransactionandtranslationadjustmentnetoftaxportionattributabletoparent": -16600000,
        "othercomprehensiveincomedefinedbenefitplansadjustmentnetoftaxportionattributabletoparent": -100000,
        "othercomprehensiveincomelosscashflowhedgegainlossafterreclassificationandtaxparent": 200000,
        "othercomprehensiveincomelossnetoftaxportionattributabletoparent": -16300000,
        "comprehensiveincomenetoftax": 74600000,
        "othercomprehensiveincomelosscashflowhedgegainlossafterreclassificationtaxparent": 100000
    },
    {
        "date": "2023-03-30",
        "symbol": "BR",
        "period": "Q3",
        "revenuefromcontractwithcustomerexcludingassessedtax": 2566300000,
        "costofgoodsandservicessold": 1137800000,
        "sellinggeneralandadministrativeexpense": 221200000,
        "costsandexpenses": 1359000000,
        "operatingincomeloss": 286800000,
        "interestincomeexpensenonoperatingnet": -38500000,
        "othernonoperatingincomeexpense": 1800000,
        "incomelossattributabletoparent": 350300000,
        "incometaxexpensebenefit": 51500000,
        "netincomeloss": 198600000,
        "earningspersharebasic": 1.6900000000000002,
        "earningspersharediluted": 1.6800000000000002,
        "weightedaveragenumberofsharesoutstandingbasic": -117600000,
        "weightedaveragenumberofdilutedsharesoutstanding": -118900000,
        "othercomprehensiveincomelossnetoftaxportionattributabletoparent": 76800000,
        "comprehensiveincomenetoftax": 325800000
    },
    {
        "date": "2022-12-30",
        "symbol": "BR",
        "period": "Q2",
        "revenuefromcontractwithcustomerexcludingassessedtax": 1292900000,
        "costofgoodsandservicessold": 988200000,
        "sellinggeneralandadministrativeexpense": 196800000,
        "costsandexpenses": 1185000000,
        "operatingincomeloss": 107900000,
        "interestincomeexpensenonoperatingnet": -34100000,
        "othernonoperatingincomeexpense": -1900000,
        "incomelossattributabletoparent": 71900000,
        "incometaxexpensebenefit": 14400000,
        "netincomeloss": 57500000,
        "earningspersharebasic": 0.49,
        "earningspersharediluted": 0.48,
        "weightedaveragenumberofsharesoutstandingbasic": 117700000,
        "weightedaveragenumberofdilutedsharesoutstanding": 118900000,
        "othercomprehensiveincomelossforeigncurrencytransactionandtranslationadjustmentnetoftax": -112000000,
        "othercomprehensiveincomelosscashflowhedgegainlossreclassificationaftertax": -200000,
        "othercomprehensiveincomelossnetoftaxportionattributabletoparent": -111800000,
        "comprehensiveincomenetoftax": -54300000,
        "othercomprehensiveincomelosscashflowhedgegainlossreclassificationtax": 100000
    },
    {
        "date": "2022-09-29",
        "symbol": "BR",
        "period": "Q1",
        "revenuefromcontractwithcustomerexcludingassessedtax": 362700000,
        "costofgoodsandservicessold": 990400000,
        "sellinggeneralandadministrativeexpense": 205300000,
        "costsandexpenses": 1195700000,
        "operatingincomeloss": 87500000,
        "interestincomeexpensenonoperatingnet": -26900000,
        "othernonoperatingincomeexpense": -5200000,
        "incomelossattributabletoparent": -44800000,
        "incometaxexpensebenefit": 5000000,
        "netincomeloss": 50400000,
        "earningspersharebasic": 0.43,
        "earningspersharediluted": 0.42,
        "weightedaveragenumberofsharesoutstandingbasic": 117500000,
        "weightedaveragenumberofdilutedsharesoutstanding": 118900000,
        "othercomprehensiveincomelossforeigncurrencytransactionandtranslationadjustmentnetoftax": -23100000,
        "othercomprehensiveincomelosscashflowhedgegainlossreclassificationaftertax": -200000,
        "othercomprehensiveincomelossnetoftaxportionattributabletoparent": -22800000,
        "comprehensiveincomenetoftax": -22800000,
        "othercomprehensiveincomelosscashflowhedgegainlossreclassificationtax": -100000
    },
    {
        "date": "2022-03-30",
        "symbol": "BR",
        "period": "Q3",
        "revenuefromcontractwithcustomerexcludingassessedtax": -9100000,
        "costofgoodsandservicessold": 1077600000,
        "sellinggeneralandadministrativeexpense": 210100000,
        "costsandexpenses": 1287700000,
        "operatingincomeloss": 246000000,
        "interestincomeexpensenonoperatingnet": -20000000,
        "othernonoperatingincomeexpense": -2700000,
        "incomelossattributabletoparent": -2500000,
        "incometaxexpensebenefit": 46800000,
        "netincomeloss": 176600000,
        "earningspersharebasic": 1.51,
        "earningspersharediluted": 1.49,
        "weightedaveragenumberofsharesoutstandingbasic": 116800000,
        "weightedaveragenumberofdilutedsharesoutstanding": 118600000,
        "othercomprehensiveincomelossforeigncurrencytransactionandtranslationadjustmentnetoftax": -58300000,
        "othercomprehensiveincomelosspensionandotherpostretirementbenefitplansadjustmentnetoftax": -500000,
        "othercomprehensiveincomelosscashflowhedgegainlossreclassificationaftertax": -200000,
        "othercomprehensiveincomelossnetoftaxportionattributabletoparent": -57600000,
        "comprehensiveincomenetoftax": -57600000,
        "othercomprehensiveincomelosspensionandotherpostretirementbenefitplanstax": -200000,
        "othercomprehensiveincomelosscashflowhedgegainlossreclassificationtax": -100000
    },
    {
        "date": "2021-12-30",
        "symbol": "BR",
        "period": "Q2",
        "revenuefromcontractwithcustomerexcludingassessedtax": -4300000,
        "costofgoodsandservicessold": 978400000,
        "sellinggeneralandadministrativeexpense": 212300000,
        "costsandexpenses": 1190700000,
        "operatingincomeloss": 68900000,
        "interestincomeexpensenonoperatingnet": -21400000,
        "othernonoperatingincomeexpense": 4400000,
        "incomelossattributabletoparent": -1700000,
        "incometaxexpensebenefit": 4700000,
        "netincomeloss": 47200000,
        "earningspersharebasic": 0.4,
        "earningspersharediluted": 0.4,
        "weightedaveragenumberofsharesoutstandingbasic": 116600000,
        "weightedaveragenumberofdilutedsharesoutstanding": 118700000,
        "othercomprehensiveincomelossforeigncurrencytransactionandtranslationadjustmentnetoftax": -31800000,
        "othercomprehensiveincomelosspensionandotherpostretirementbenefitplansadjustmentnetoftax": -500000,
        "othercomprehensiveincomelosscashflowhedgegainlossreclassificationaftertax": -200000,
        "othercomprehensiveincomelossnetoftaxportionattributabletoparent": -31000000,
        "comprehensiveincomenetoftax": -31000000,
        "othercomprehensiveincomelosspensionandotherpostretirementbenefitplanstax": -200000,
        "othercomprehensiveincomelosscashflowhedgegainlossreclassificationtax": -100000
    },
    {
        "date": "2021-09-29",
        "symbol": "BR",
        "period": "Q1",
        "revenuefromcontractwithcustomerexcludingassessedtax": -1200000,
        "costofgoodsandservicessold": 914100000,
        "sellinggeneralandadministrativeexpense": 175500000,
        "costsandexpenses": 1089600000,
        "operatingincomeloss": 103300000,
        "interestincomeexpensenonoperatingnet": -22600000,
        "othernonoperatingincomeexpense": -2400000,
        "incomelossattributabletoparent": -1400000,
        "incometaxexpensebenefit": 11000000,
        "netincomeloss": 67200000,
        "earningspersharebasic": 0.58,
        "earningspersharediluted": 0.57,
        "weightedaveragenumberofsharesoutstandingbasic": 116200000,
        "weightedaveragenumberofdilutedsharesoutstanding": 118300000,
        "othercomprehensiveincomelossforeigncurrencytransactionandtranslationadjustmentnetoftax": -70800000,
        "othercomprehensiveincomelosspensionandotherpostretirementbenefitplansadjustmentnetoftax": -500000,
        "othercomprehensiveincomelosscashflowhedgegainlossreclassificationaftertax": -200000,
        "othercomprehensiveincomelossnetoftaxportionattributabletoparent": -70100000,
        "comprehensiveincomenetoftax": -70100000,
        "othercomprehensiveincomelosspensionandotherpostretirementbenefitplanstax": -200000,
        "othercomprehensiveincomelosscashflowhedgegainlossreclassificationtax": -100000
    },
    {
        "date": "2021-06-29",
        "symbol": "BR",
        "period": "Q4",
        "revenuefromcontractwithcustomerexcludingassessedtax": 5089500000,
        "costofgoodsandservicessold": 1016700000,
        "sellinggeneralandadministrativeexpense": 233600000,
        "costsandexpenses": 1250100000,
        "operatingincomeloss": 281400000,
        "interestincomeexpensenonoperatingnet": -17900000,
        "othernonoperatingincomeexpense": 72800000,
        "incomelossattributabletoparent": 683200000,
        "incometaxexpensebenefit": 75900000,
        "netincomeloss": 260400000,
        "earningspersharebasic": 2.2500000000000004,
        "earningspersharediluted": 2.2100000000000004,
        "weightedaveragenumberofsharesoutstandingbasic": -231100000,
        "weightedaveragenumberofdilutedsharesoutstanding": -235400000,
        "othercomprehensiveincomelossforeigncurrencytransactionandtranslationadjustmentnetoftax": 48900000,
        "othercomprehensiveincomelosspensionandotherpostretirementbenefitplansadjustmentnetoftax": 1500000,
        "othercomprehensiveincomelossnetoftaxportionattributabletoparent": 33300000,
        "comprehensiveincomenetoftax": 580800000,
        "othercomprehensiveincomelosspensionandotherpostretirementbenefitplanstax": 700000
    },
    {
        "date": "2021-03-30",
        "symbol": "BR",
        "period": "Q3",
        "revenuefromcontractwithcustomerexcludingassessedtax": -33100000,
        "costofgoodsandservicessold": 960500000,
        "sellinggeneralandadministrativeexpense": 190000000,
        "costsandexpenses": 1150600000,
        "operatingincomeloss": 239200000,
        "interestincomeexpensenonoperatingnet": -11800000,
        "othernonoperatingincomeexpense": -10600000,
        "incomelossattributabletoparent": 2900000,
        "incometaxexpensebenefit": 51900000,
        "netincomeloss": 165000000,
        "earningspersharebasic": 1.42,
        "earningspersharediluted": 1.4,
        "weightedaveragenumberofsharesoutstandingbasic": 115800000,
        "weightedaveragenumberofdilutedsharesoutstanding": 118000000,
        "othercomprehensiveincomelossforeigncurrencytransactionandtranslationadjustmentnetoftax": 26500000,
        "othercomprehensiveincomelosspensionandotherpostretirementbenefitplansadjustmentnetoftax": -600000,
        "othercomprehensiveincomelosscashflowhedgegainlossafterreclassificationandtax": 5900000,
        "othercomprehensiveincomelossnetoftaxportionattributabletoparent": 33100000,
        "comprehensiveincomenetoftax": 33100000,
        "othercomprehensiveincomelosspensionandotherpostretirementbenefitplanstax": -200000,
        "othercomprehensiveincomelosscashflowhedgegainlossafterreclassificationtax": -1900000
    },
    {
        "date": "2020-12-30",
        "symbol": "BR",
        "period": "Q2",
        "revenuefromcontractwithcustomerexcludingassessedtax": -31200000,
        "costofgoodsandservicessold": 806500000,
        "sellinggeneralandadministrativeexpense": 169000000,
        "costsandexpenses": 975500000,
        "operatingincomeloss": 79500000,
        "interestincomeexpensenonoperatingnet": -11100000,
        "othernonoperatingincomeexpense": 1000000,
        "incomelossattributabletoparent": 4099999.9999999995,
        "incometaxexpensebenefit": 13100000,
        "netincomeloss": 56300000,
        "earningspersharebasic": 0.49,
        "earningspersharediluted": 0.48,
        "weightedaveragenumberofsharesoutstandingbasic": 115700000,
        "weightedaveragenumberofdilutedsharesoutstanding": 117800000,
        "othercomprehensiveincomelossforeigncurrencytransactionandtranslationadjustmentnetoftax": 5200000,
        "othercomprehensiveincomelosspensionandotherpostretirementbenefitplansadjustmentnetoftax": -600000,
        "othercomprehensiveincomelossnetoftaxportionattributabletoparent": 5700000,
        "comprehensiveincomenetoftax": 5700000,
        "othercomprehensiveincomelosspensionandotherpostretirementbenefitplanstax": -200000
    },
    {
        "date": "2020-09-29",
        "symbol": "BR",
        "period": "Q1",
        "revenuefromcontractwithcustomerexcludingassessedtax": -31500000,
        "costofgoodsandservicessold": 787100000,
        "sellinggeneralandadministrativeexpense": 151700000,
        "costsandexpenses": 938800000,
        "operatingincomeloss": 78600000,
        "interestincomeexpensenonoperatingnet": -14400000,
        "othernonoperatingincomeexpense": 9500000,
        "incomelossattributabletoparent": 6000000,
        "incometaxexpensebenefit": 7800000,
        "netincomeloss": 65800000,
        "earningspersharebasic": 0.57,
        "earningspersharediluted": 0.56,
        "weightedaveragenumberofsharesoutstandingbasic": 115300000,
        "weightedaveragenumberofdilutedsharesoutstanding": 117400000,
        "othercomprehensiveincomelossforeigncurrencytransactionandtranslationadjustmentnetoftax": 37000000,
        "othercomprehensiveincomelosspensionandotherpostretirementbenefitplansadjustmentnetoftax": -600000,
        "othercomprehensiveincomelossnetoftaxportionattributabletoparent": 37600000,
        "comprehensiveincomenetoftax": 37600000,
        "othercomprehensiveincomelosspensionandotherpostretirementbenefitplanstax": -200000
    },
    {
        "date": "2020-06-29",
        "symbol": "BR",
        "period": "Q4",
        "netincomeloss": 229700000,
        "othercomprehensiveincomelosspensionandotherpostretirementbenefitplansadjustmentnetoftax": 4000000,
        "othercomprehensiveincomelossnetoftaxportionattributabletoparent": -33200000,
        "comprehensiveincomenetoftax": 262500000,
        "othercomprehensiveincomelosspensionandotherpostretirementbenefitplanstax": -600000
    },
    {
        "date": "2020-03-30",
        "symbol": "BR",
        "period": "Q3",
        "revenuefromcontractwithcustomerexcludingassessedtax": 1249900000,
        "costofgoodsandservicessold": 872500000,
        "sellinggeneralandadministrativeexpense": 151100000,
        "costsandexpenses": 1023700000,
        "operatingincomeloss": 226300000,
        "interestincomeexpensenonoperatingnet": -16200000,
        "othernonoperatingincomeexpense": 400000,
        "incomelossfromcontinuingoperationsbeforeincometaxesextraordinaryitemsnoncontrollinginterest": 210500000,
        "incometaxexpensebenefit": 43600000,
        "netincomeloss": 166800000,
        "earningspersharebasic": 1.46,
        "earningspersharediluted": 1.43,
        "weightedaveragenumberofsharesoutstandingbasic": 114600000,
        "weightedaveragenumberofdilutedsharesoutstanding": 117000000,
        "othercomprehensiveincomelossforeigncurrencytransactionandtranslationadjustmentbeforetax": 100000,
        "othercomprehensiveincomelosspensionandotherpostretirementbenefitplansadjustmentnetoftax": -400000,
        "othercomprehensiveincomelossnetoftaxportionattributabletoparent": 500000,
        "comprehensiveincomenetoftax": 167300000,
        "othercomprehensiveincomelosspensionandotherpostretirementbenefitplanstax": -100000
    },
    {
        "date": "2019-12-30",
        "symbol": "BR",
        "period": "Q2",
        "revenuefromcontractwithcustomerexcludingassessedtax": -27800000,
        "costofgoodsandservicessold": 780900000,
        "sellinggeneralandadministrativeexpense": 161000000,
        "costsandexpenses": 941900000,
        "operatingincomeloss": 26800000,
        "interestincomeexpensenonoperatingnet": -13900000,
        "othernonoperatingincomeexpense": -2400000,
        "incomelossfromcontinuingoperationsbeforeincometaxesextraordinaryitemsnoncontrollinginterest": 7500000,
        "incometaxexpensebenefit": 400000,
        "netincomeloss": 10100000,
        "earningspersharebasic": 0.09,
        "earningspersharediluted": 0.09,
        "weightedaveragenumberofsharesoutstandingbasic": 114700000,
        "weightedaveragenumberofdilutedsharesoutstanding": 117200000,
        "othercomprehensiveincomelossforeigncurrencytransactionandtranslationadjustmentbeforetax": 11400000,
        "othercomprehensiveincomelosspensionandotherpostretirementbenefitplansadjustmentnetoftax": -400000,
        "othercomprehensiveincomelossnetoftaxportionattributabletoparent": 11800000,
        "comprehensiveincomenetoftax": 11800000,
        "othercomprehensiveincomelosspensionandotherpostretirementbenefitplanstax": -100000
    },
    {
        "date": "2019-09-29",
        "symbol": "BR",
        "period": "Q1",
        "revenuefromcontractwithcustomerexcludingassessedtax": -28000000,
        "costofgoodsandservicessold": 727500000,
        "sellinggeneralandadministrativeexpense": 148000000,
        "costsandexpenses": 875400000,
        "operatingincomeloss": 73100000,
        "interestincomeexpensenonoperatingnet": -13100000,
        "othernonoperatingincomeexpense": 3800000,
        "incomelossfromcontinuingoperationsbeforeincometaxesextraordinaryitemsnoncontrollinginterest": 5600000,
        "incometaxexpensebenefit": 7900000,
        "netincomeloss": 55900000,
        "earningspersharebasic": 0.49,
        "earningspersharediluted": 0.48,
        "weightedaveragenumberofsharesoutstandingbasic": 114400000,
        "weightedaveragenumberofdilutedsharesoutstanding": 117100000,
        "othercomprehensiveincomelossforeigncurrencytransactionandtranslationadjustmentbeforetax": -8700000,
        "othercomprehensiveincomelosspensionandotherpostretirementbenefitplansadjustmentnetoftax": -400000,
        "othercomprehensiveincomelossnetoftaxportionattributabletoparent": -8300000.000000001,
        "comprehensiveincomenetoftax": -8300000.000000001,
        "othercomprehensiveincomelosspensionandotherpostretirementbenefitplanstax": -100000
    },
    {
        "date": "2019-06-29",
        "symbol": "BR",
        "period": "Q4",
        "othercomprehensiveincomelossnetoftaxportionattributabletoparent": -7000000,
        "comprehensiveincomenetoftax": 165500000,
        "revenuefromcontractwithcustomerexcludingassessedtax": 1841200000,
        "costofgoodsandservicessold": 856900000,
        "sellinggeneralandadministrativeexpense": 159100000,
        "costsandexpenses": 970400000,
        "interestincomeexpensenonoperatingnet": -11400000,
        "othernonoperatingincomeexpense": 8000000,
        "incomelossfromcontinuingoperationsbeforeincometaxesextraordinaryitemsnoncontrollinginterest": 235300000,
        "incometaxexpensebenefit": 48100000,
        "earningspersharebasic": 1.62,
        "earningspersharediluted": 1.5799999999999996,
        "weightedaveragenumberofsharesoutstandingbasic": -200000,
        "weightedaveragenumberofdilutedsharesoutstanding": -300000
    },
    {
        "date": "2019-03-30",
        "symbol": "BR",
        "period": "Q3",
        "netincomeloss": 117100000,
        "othercomprehensiveincomelossforeigncurrencytransactionandtranslationadjustmentbeforetax": 5000000,
        "othercomprehensiveincomelossnetoftaxportionattributabletoparent": 5100000,
        "comprehensiveincomenetoftax": 187900000,
        "revenuefromcontractwithcustomerexcludingassessedtax": 810100000,
        "costofgoodsandservicessold": 787900000,
        "sellinggeneralandadministrativeexpense": 143100000,
        "costsandexpenses": 991200000,
        "operatingincomeloss": 160700000,
        "interestincomeexpensenonoperatingnet": -10100000,
        "othernonoperatingincomeexpense": 100000,
        "incomelossfromcontinuingoperationsbeforeincometaxesextraordinaryitemsnoncontrollinginterest": 150700000,
        "incometaxexpensebenefit": 33500000,
        "earningspersharebasic": 1.0099999999999998,
        "earningspersharediluted": 0.9899999999999999,
        "weightedaveragenumberofsharesoutstandingbasic": -116600000,
        "weightedaveragenumberofdilutedsharesoutstanding": -119700000
    },
    {
        "date": "2018-12-30",
        "symbol": "BR",
        "period": "Q2",
        "netincomeloss": 101000000,
        "othercomprehensiveincomelossforeigncurrencytransactionandtranslationadjustmentbeforetax": -6100000,
        "othercomprehensiveincomelosspensionandotherpostretirementbenefitplansadjustmentnetoftax": -400000,
        "othercomprehensiveincomelossnetoftaxportionattributabletoparent": -5700000,
        "comprehensiveincomenetoftax": 44200000,
        "othercomprehensiveincomelosspensionandotherpostretirementbenefitplanstax": -100000,
        "revenuefromcontractwithcustomerexcludingassessedtax": 738100000,
        "costofgoodsandservicessold": 748100000,
        "sellinggeneralandadministrativeexpense": 141600000,
        "costsandexpenses": 875200000,
        "operatingincomeloss": 145900000,
        "interestincomeexpensenonoperatingnet": -10700000,
        "othernonoperatingincomeexpense": -3200000,
        "incomelossfromcontinuingoperationsbeforeincometaxesextraordinaryitemsnoncontrollinginterest": 132000000,
        "incometaxexpensebenefit": 31000000,
        "earningspersharebasic": 0.87,
        "earningspersharediluted": 0.85,
        "weightedaveragenumberofsharesoutstandingbasic": 116300000,
        "weightedaveragenumberofdilutedsharesoutstanding": 119100000,
        "commonstockdividendspersharedeclared": 0.485
    },
    {
        "date": "2018-09-29",
        "symbol": "BR",
        "period": "Q1",
        "netincomeloss": 76700000,
        "othercomprehensiveincomelossforeigncurrencytransactionandtranslationadjustmentbeforetax": -10100000,
        "othercomprehensiveincomelossnetoftaxportionattributabletoparent": -10100000,
        "comprehensiveincomenetoftax": 66700000,
        "revenuefromcontractwithcustomerexcludingassessedtax": 972800000,
        "costofgoodsandservicessold": 739000000,
        "sellinggeneralandadministrativeexpense": 133700000,
        "costsandexpenses": 872700000,
        "operatingincomeloss": 100100000,
        "interestincomeexpensenonoperatingnet": -9600000,
        "othernonoperatingincomeexpense": -1200000,
        "incomelossfromcontinuingoperationsbeforeincometaxesextraordinaryitemsnoncontrollinginterest": 89300000,
        "incometaxexpensebenefit": 12600000,
        "earningspersharebasic": 0.66,
        "earningspersharediluted": 0.64,
        "weightedaveragenumberofsharesoutstandingbasic": 116400000,
        "weightedaveragenumberofdilutedsharesoutstanding": 119700000,
        "commonstockdividendspersharedeclared": 0.485
    },
    {
        "date": "2018-03-30",
        "symbol": "BR",
        "period": "Q3",
        "netincomeloss": 109100000,
        "othercomprehensiveincomelossforeigncurrencytransactionandtranslationadjustmentbeforetax": 7400000,
        "othercomprehensiveincomeunrealizedholdinggainlossonsecuritiesarisingduringperiodnetoftax": -3700000,
        "othercomprehensiveincomelosspensionandotherpostretirementbenefitplansadjustmentnetoftax": -200000,
        "othercomprehensiveincomelossnetoftaxportionattributabletoparent": 3800000,
        "comprehensiveincomenetoftax": 112900000,
        "othercomprehensiveincomelossavailableforsalesecuritiestax": -1700000,
        "othercomprehensiveincomelosspensionandotherpostretirementbenefitplanstax": -100000,
        "revenues": 855300000,
        "costofrevenue": 803100000,
        "sellinggeneralandadministrativeexpense": 138800000,
        "costsandexpenses": 941900000,
        "operatingincomeloss": 130000000,
        "interestincomeexpensenonoperatingnet": -9000000,
        "othernonoperatingincomeexpense": 4200000,
        "incomelossfromcontinuingoperationsbeforeincometaxesextraordinaryitemsnoncontrollinginterest": 125200000,
        "incometaxexpensebenefit": 16200000,
        "earningspersharebasic": 0.93,
        "earningspersharediluted": 0.9,
        "weightedaveragenumberofsharesoutstandingbasic": 116900000,
        "weightedaveragenumberofdilutedsharesoutstanding": 120900000,
        "commonstockdividendspersharedeclared": 0.365
    },
    {
        "date": "2017-12-30",
        "symbol": "BR",
        "period": "Q2",
        "netincomeloss": 62100000,
        "othercomprehensiveincomelossforeigncurrencytransactionandtranslationadjustmentbeforetax": -2400000,
        "othercomprehensiveincomeunrealizedholdinggainlossonsecuritiesarisingduringperiodnetoftax": 800000,
        "othercomprehensiveincomelosspensionandotherpostretirementbenefitplansadjustmentnetoftax": -200000,
        "othercomprehensiveincomelossnetoftaxportionattributabletoparent": -1400000,
        "comprehensiveincomenetoftax": 60700000,
        "othercomprehensiveincomelossavailableforsalesecuritiestax": 300000,
        "othercomprehensiveincomelosspensionandotherpostretirementbenefitplanstax": -100000,
        "revenues": 802200000,
        "costofrevenue": 769800000,
        "sellinggeneralandadministrativeexpense": 127900000,
        "costsandexpenses": 897700000,
        "operatingincomeloss": 115100000,
        "interestincomeexpensenonoperatingnet": -10200000,
        "othernonoperatingincomeexpense": -1400000,
        "incomelossfromcontinuingoperationsbeforeincometaxesextraordinaryitemsnoncontrollinginterest": 103500000,
        "incometaxexpensebenefit": 41400000,
        "earningspersharebasic": 0.53,
        "earningspersharediluted": 0.52,
        "weightedaveragenumberofsharesoutstandingbasic": 116600000,
        "weightedaveragenumberofdilutedsharesoutstanding": 120300000,
        "commonstockdividendspersharedeclared": 0.365
    },
    {
        "date": "2017-09-29",
        "symbol": "BR",
        "period": "Q1",
        "netincomeloss": 49900000,
        "othercomprehensiveincomelossforeigncurrencytransactionandtranslationadjustmentbeforetax": 18300000,
        "othercomprehensiveincomeunrealizedholdinggainlossonsecuritiesarisingduringperiodnetoftax": 300000,
        "othercomprehensiveincomelosspensionandotherpostretirementbenefitplansadjustmentnetoftax": -200000,
        "othercomprehensiveincomelossnetoftaxportionattributabletoparent": 18800000,
        "comprehensiveincomenetoftax": 68700000,
        "othercomprehensiveincomelossavailableforsalesecuritiestax": 200000,
        "othercomprehensiveincomelosspensionandotherpostretirementbenefitplanstax": -100000,
        "revenues": 924800000,
        "costofrevenue": 726600000,
        "sellinggeneralandadministrativeexpense": 113800000,
        "costsandexpenses": 840300000,
        "operatingincomeloss": 84400000,
        "interestincomeexpensenonoperatingnet": -9400000,
        "othernonoperatingincomeexpense": -700000,
        "incomelossfromcontinuingoperationsbeforeincometaxesextraordinaryitemsnoncontrollinginterest": 74300000,
        "incometaxexpensebenefit": 24400000,
        "profitloss": 49900000,
        "earningspersharebasic": 0.43,
        "earningspersharediluted": 0.42,
        "weightedaveragenumberofsharesoutstandingbasic": 116500000,
        "weightedaveragenumberofdilutedsharesoutstanding": 119800000,
        "commonstockdividendspersharedeclared": 0.365
    },
    {
        "date": "2017-03-30",
        "symbol": "BR",
        "period": "Q3",
        "netincomeloss": 75900000,
        "othercomprehensiveincomeunrealizedholdinggainlossonsecuritiesarisingduringperiodnetoftax": 200000,
        "othercomprehensiveincomelosspensionandotherpostretirementbenefitplansadjustmentnetoftax": -200000,
        "othercomprehensiveincomelossnetoftaxportionattributabletoparent": 400000,
        "comprehensiveincomenetoftax": 76300000,
        "othercomprehensiveincomelossavailableforsalesecuritiestax": 100000,
        "othercomprehensiveincomelosspensionandotherpostretirementbenefitplanstax": -300000,
        "revenues": 654400000,
        "costofrevenue": 773800000,
        "sellinggeneralandadministrativeexpense": 125500000,
        "costsandexpenses": 899200000,
        "operatingincomeloss": 109800000,
        "interestincomeexpensenonoperatingnet": -10800000,
        "othernonoperatingincomeexpense": 7500000,
        "incomelossfromcontinuingoperationsbeforeincometaxesextraordinaryitemsnoncontrollinginterest": 106300000,
        "incometaxexpensebenefit": 30300000,
        "earningspersharebasic": 0.6499999999999999,
        "earningspersharediluted": 0.6199999999999999,
        "weightedaveragenumberofsharesoutstandingbasic": -118900000,
        "weightedaveragenumberofdilutedsharesoutstanding": -121800000,
        "commonstockdividendspersharedeclared": 0.3299999999999999
    },
    {
        "date": "2016-12-30",
        "symbol": "BR",
        "period": "Q2",
        "netincomeloss": 30100000,
        "othercomprehensiveincomelossforeigncurrencytransactionandtranslationadjustmentnetoftax": -12000000,
        "othercomprehensiveincomeunrealizedholdinggainlossonsecuritiesarisingduringperiodnetoftax": -200000,
        "othercomprehensiveincomelosspensionandotherpostretirementbenefitplansadjustmentnetoftax": -100000,
        "othercomprehensiveincomelossnetoftaxportionattributabletoparent": -12000000,
        "comprehensiveincomenetoftax": 18100000,
        "othercomprehensiveincomelossavailableforsalesecuritiestax": -100000,
        "othercomprehensiveincomelosspensionandotherpostretirementbenefitplanstax": -100000,
        "revenues": 709600000,
        "costofrevenue": 707800000,
        "sellinggeneralandadministrativeexpense": 126000000,
        "costsandexpenses": 833800000,
        "operatingincomeloss": 58800000,
        "interestincomeexpensenonoperatingnet": -10600000,
        "othernonoperatingincomeexpense": -2500000,
        "incomelossfromcontinuingoperationsbeforeincometaxesextraordinaryitemsnoncontrollinginterest": 45700000,
        "incometaxexpensebenefit": 15600000,
        "earningspersharebasic": 0.25,
        "earningspersharediluted": 0.25,
        "weightedaveragenumberofsharesoutstandingbasic": 118700000,
        "weightedaveragenumberofdilutedsharesoutstanding": 121500000,
        "commonstockdividendspersharedeclared": 0.33
    },
    {
        "date": "2016-09-29",
        "symbol": "BR",
        "period": "Q1",
        "netincomeloss": 33700000,
        "othercomprehensiveincomelossforeigncurrencytransactionandtranslationadjustmentbeforetax": -11300000,
        "othercomprehensiveincomeunrealizedholdinggainlossonsecuritiesarisingduringperiodnetoftax": 500000,
        "othercomprehensiveincomelosspensionandotherpostretirementbenefitplansadjustmentnetoftax": -100000,
        "othercomprehensiveincomelossnetoftaxportionattributabletoparent": -10700000,
        "comprehensiveincomenetoftax": 23000000,
        "othercomprehensiveincomelossavailableforsalesecuritiestax": 300000,
        "othercomprehensiveincomelosspensionandotherpostretirementbenefitplanstax": 100000,
        "revenues": 895300000,
        "costofrevenue": 717900000,
        "sellinggeneralandadministrativeexpense": 111300000,
        "costsandexpenses": 829300000,
        "operatingincomeloss": 66000000,
        "interestincomeexpensenonoperatingnet": -10400000,
        "othernonoperatingincomeexpense": -4200000,
        "incomelossfromcontinuingoperationsbeforeincometaxesextraordinaryitemsnoncontrollinginterest": 51500000,
        "incometaxexpensebenefit": 17900000,
        "profitloss": 33700000,
        "earningspersharebasic": 0.28,
        "earningspersharediluted": 0.28,
        "weightedaveragenumberofsharesoutstandingbasic": 118500000,
        "weightedaveragenumberofdilutedsharesoutstanding": 121600000,
        "commonstockdividendspersharedeclared": 0.33
    },
    {
        "date": "2016-03-30",
        "symbol": "BR",
        "period": "Q3",
        "othercomprehensiveincomelossavailableforsalesecuritiestax": -1400000,
        "othercomprehensiveincomelosspensionandotherpostretirementbenefitplanstax": -100000,
        "netincomeloss": 63700000,
        "othercomprehensiveincomelossforeigncurrencytransactionandtranslationadjustmentbeforetax": -9400000,
        "othercomprehensiveincomeunrealizedholdinggainlossonsecuritiesarisingduringperiodnetoftax": -400000,
        "othercomprehensiveincomelosspensionandotherpostretirementbenefitplansadjustmentnetoftax": -100000,
        "othercomprehensiveincomelossnetoftaxportionattributabletoparent": -9700000,
        "comprehensiveincomenetoftax": 54000000,
        "revenues": 515400000,
        "costofrevenue": 486500000,
        "sellinggeneralandadministrativeexpense": 101700000,
        "costsandexpenses": 588200000,
        "operatingincomeloss": 100600000,
        "nonoperatingincomeexpense": -7200000,
        "incomelossfromcontinuingoperationsbeforeincometaxesextraordinaryitemsnoncontrollinginterest": 93400000,
        "incometaxexpensebenefit": 29700000,
        "profitloss": 63700000,
        "earningspersharebasic": 0.54,
        "earningspersharediluted": 0.52,
        "weightedaveragenumberofsharesoutstandingbasic": 118200000,
        "weightedaveragenumberofdilutedsharesoutstanding": 121700000,
        "commonstockdividendspersharedeclared": 0.3
    },
    {
        "date": "2015-12-30",
        "symbol": "BR",
        "period": "Q2",
        "othercomprehensiveincomelossavailableforsalesecuritiestax": 200000,
        "othercomprehensiveincomelosspensionandotherpostretirementbenefitplanstax": -100000,
        "netincomeloss": 40200000,
        "othercomprehensiveincomelossforeigncurrencytransactionandtranslationadjustmentbeforetax": -5400000,
        "othercomprehensiveincomeunrealizedholdinggainlossonsecuritiesarisingduringperiodnetoftax": 300000,
        "othercomprehensiveincomelosspensionandotherpostretirementbenefitplansadjustmentnetoftax": -100000,
        "othercomprehensiveincomelossnetoftaxportionattributabletoparent": -5100000,
        "comprehensiveincomenetoftax": 35200000,
        "revenues": 471700000,
        "costofrevenue": 464500000,
        "sellinggeneralandadministrativeexpense": 104200000,
        "costsandexpenses": 568700000,
        "operatingincomeloss": 70200000,
        "nonoperatingincomeexpense": -8900000,
        "incomelossfromcontinuingoperationsbeforeincometaxesextraordinaryitemsnoncontrollinginterest": 61300000,
        "incometaxexpensebenefit": 21100000,
        "profitloss": 40200000,
        "earningspersharebasic": 0.34,
        "earningspersharediluted": 0.33,
        "weightedaveragenumberofsharesoutstandingbasic": 118500000,
        "weightedaveragenumberofdilutedsharesoutstanding": 122000000,
        "commonstockdividendspersharedeclared": 0.3
    },
    {
        "date": "2015-09-29",
        "symbol": "BR",
        "period": "Q1",
        "netincomeloss": 33500000,
        "othercomprehensiveincomelossforeigncurrencytransactionandtranslationadjustmentbeforetax": -11500000,
        "othercomprehensiveincomeunrealizedholdinggainlossonsecuritiesarisingduringperiodnetoftax": -600000,
        "othercomprehensiveincomelosspensionandotherpostretirementbenefitplansadjustmentnetoftax": -100000,
        "othercomprehensiveincomelossnetoftaxportionattributabletoparent": -12000000,
        "comprehensiveincomenetoftax": 21500000,
        "othercomprehensiveincomelossavailableforsalesecuritiestax": -200000,
        "othercomprehensiveincomelosspensionandotherpostretirementbenefitplanstax": 100000,
        "revenues": 594700000,
        "costofrevenue": 438600000,
        "sellinggeneralandadministrativeexpense": 97100000,
        "costsandexpenses": 535700000,
        "operatingincomeloss": 59100000,
        "othernonoperatingincomeexpense": -7400000,
        "incomelossfromcontinuingoperationsbeforeincometaxesextraordinaryitemsnoncontrollinginterest": 51700000,
        "incometaxexpensebenefit": 18100000,
        "profitloss": 33500000,
        "earningspersharebasic": 0.28,
        "earningspersharediluted": 0.28,
        "weightedaveragenumberofsharesoutstandingbasic": 118300000,
        "weightedaveragenumberofdilutedsharesoutstanding": 121700000,
        "commonstockdividendspersharedeclared": 0.3
    },
    {
        "date": "2015-03-30",
        "symbol": "BR",
        "period": "Q3",
        "netincomeloss": 54000000,
        "othercomprehensiveincomelossforeigncurrencytransactionandtranslationadjustmentbeforetax": -16700000,
        "othercomprehensiveincomelossnetoftaxportionattributabletoparent": -16700000,
        "comprehensiveincomenetoftax": 37300000,
        "revenues": 697900000,
        "costofrevenue": 452600000,
        "sellinggeneralandadministrativeexpense": 92000000,
        "othernonoperatingincomeexpense": -7700000,
        "costsandexpenses": 552300000,
        "incomelossfromcontinuingoperationsbeforeincometaxesminorityinterestandincomelossfromequitymethodinvestments": 63000000,
        "incometaxexpensebenefit": 27900000,
        "profitloss": 54000000,
        "earningspersharebasic": 0.44999999999999996,
        "earningspersharediluted": 0.42999999999999994,
        "weightedaveragenumberofsharesoutstandingbasic": -119800000,
        "weightedaveragenumberofdilutedsharesoutstanding": -123900000,
        "commonstockdividendspersharedeclared": 0.27
    },
    {
        "date": "2014-12-30",
        "symbol": "BR",
        "period": "Q2",
        "netincomeloss": 34700000,
        "othercomprehensiveincomelossforeigncurrencytransactionandtranslationadjustmentbeforetax": -11400000,
        "othercomprehensiveincomeunrealizedholdinggainlossonsecuritiesarisingduringperiodnetoftax": 100000,
        "othercomprehensiveincomelosspensionandotherpostretirementbenefitplansadjustmentnetoftax": -100000,
        "othercomprehensiveincomelossnetoftaxportionattributabletoparent": -11200000,
        "comprehensiveincomenetoftax": 23500000,
        "revenues": 403900000,
        "costofrevenue": 414000000,
        "sellinggeneralandadministrativeexpense": 101100000,
        "othernonoperatingincomeexpense": -7900000,
        "costsandexpenses": 523000000,
        "incomelossfromcontinuingoperationsbeforeincometaxesminorityinterestandincomelossfromequitymethodinvestments": 34700000,
        "incometaxexpensebenefit": 16900000,
        "profitloss": 34700000,
        "earningspersharebasic": 0.29,
        "earningspersharediluted": 0.28,
        "weightedaveragenumberofsharesoutstandingbasic": 120200000,
        "weightedaveragenumberofdilutedsharesoutstanding": 124400000,
        "commonstockdividendspersharedeclared": 0.27
    },
    {
        "date": "2014-09-29",
        "symbol": "BR",
        "period": "Q1",
        "netincomeloss": 32500000,
        "othercomprehensiveincomelossforeigncurrencytransactionandtranslationadjustmentbeforetax": -4500000,
        "othercomprehensiveincomeunrealizedholdinggainlossonsecuritiesarisingduringperiodnetoftax": -100000,
        "othercomprehensiveincomelossnetoftaxportionattributabletoparent": -4600000,
        "comprehensiveincomenetoftax": 27900000,
        "othercomprehensiveincomelosspensionandotherpostretirementbenefitplanstax": -100000,
        "revenues": 162600000,
        "costofrevenue": 406500000,
        "sellinggeneralandadministrativeexpense": 91700000,
        "othernonoperatingincomeexpense": -7600000,
        "costsandexpenses": 505800000,
        "incomelossfromcontinuingoperationsbeforeincometaxesminorityinterestandincomelossfromequitymethodinvestments": 37700000,
        "incometaxexpensebenefit": 17500000,
        "profitloss": 32500000,
        "earningspersharebasic": 0.27,
        "earningspersharediluted": 0.26,
        "weightedaveragenumberofsharesoutstandingbasic": 119800000,
        "weightedaveragenumberofdilutedsharesoutstanding": 123900000,
        "commonstockdividendspersharedeclared": 0.27
    },
    {
        "date": "2014-03-30",
        "symbol": "BR",
        "period": "Q3",
        "revenues": -1900000,
        "costofrevenue": 427600000,
        "sellinggeneralandadministrativeexpense": 95600000,
        "othernonoperatingincomeexpense": -6200000,
        "costsandexpenses": 529400000,
        "incomelossfromcontinuingoperationsbeforeincometaxesminorityinterestandincomelossfromequitymethodinvestments": 3600000,
        "incometaxexpensebenefit": 26100000,
        "profitloss": 50800000,
        "earningspersharebasic": 0.43000000000000005,
        "earningspersharediluted": 0.41000000000000003,
        "weightedaveragenumberofdilutedsharesoutstanding": 400000,
        "commonstockdividendspersharedeclared": 0.21000000000000005,
        "othercomprehensiveincomelossforeigncurrencytransactionandtranslationadjustmentbeforetax": -500000,
        "othercomprehensiveincomeunrealizedholdinggainlossonsecuritiesarisingduringperiodnetoftax": 100000,
        "othercomprehensiveincomelossnetoftaxportionattributabletoparent": -300000,
        "comprehensiveincomenetoftax": 50500000
    },
    {
        "date": "2013-12-30",
        "symbol": "BR",
        "period": "Q2",
        "revenues": 600000,
        "costofrevenue": 385100000,
        "sellinggeneralandadministrativeexpense": 86000000,
        "othernonoperatingincomeexpense": -6800000,
        "costsandexpenses": 477900000,
        "incomelossfromcontinuingoperationsbeforeincometaxesminorityinterestandincomelossfromequitymethodinvestments": 4700000,
        "incometaxexpensebenefit": 15100000,
        "profitloss": 27600000,
        "earningspersharebasic": 0.22999999999999998,
        "earningspersharediluted": 0.21999999999999997,
        "weightedaveragenumberofsharesoutstandingbasic": 0,
        "weightedaveragenumberofdilutedsharesoutstanding": 500000,
        "commonstockdividendspersharedeclared": 0.21,
        "netincomeloss": 27600000,
        "othercomprehensiveincomelossforeigncurrencytransactionandtranslationadjustmentbeforetax": 5000000,
        "othercomprehensiveincomeunrealizedholdinggainlossonsecuritiesarisingduringperiodnetoftax": 600000,
        "othercomprehensiveincomelosspensionandotherpostretirementbenefitplansadjustmentnetoftax": 0,
        "othercomprehensiveincomelossnetoftaxportionattributabletoparent": 5600000,
        "comprehensiveincomenetoftax": 33200000
    },
    {
        "date": "2013-09-29",
        "symbol": "BR",
        "period": "Q1",
        "revenues": 300000,
        "costofrevenue": 397500000,
        "sellinggeneralandadministrativeexpense": 73500000,
        "othernonoperatingincomeexpense": -4900000,
        "costsandexpenses": 475900000,
        "incomelossfromcontinuingoperationsbeforeincometaxesminorityinterestandincomelossfromequitymethodinvestments": 4700000,
        "incometaxexpensebenefit": 24900000,
        "profitloss": 44400000,
        "earningspersharebasic": 0.37,
        "earningspersharediluted": 0.36,
        "weightedaveragenumberofsharesoutstandingbasic": 119100000,
        "weightedaveragenumberofdilutedsharesoutstanding": 123100000,
        "commonstockdividendspersharedeclared": 0.21,
        "netincomeloss": 44400000,
        "othercomprehensiveincomelossforeigncurrencytransactionandtranslationadjustmentbeforetax": -1700000,
        "othercomprehensiveincomeunrealizedholdinggainlossonsecuritiesarisingduringperiodnetoftax": -100000,
        "othercomprehensiveincomelosspensionandotherpostretirementbenefitplansadjustmentnetoftax": -100000,
        "othercomprehensiveincomelossnetoftaxportionattributabletoparent": -1700000,
        "comprehensiveincomenetoftax": 42700000
    },
    {
        "date": "2013-03-30",
        "symbol": "BR",
        "period": "Q3",
        "revenues": 100000,
        "costofrevenue": 426200000,
        "sellinggeneralandadministrativeexpense": 79000000,
        "othernonoperatingincomeexpense": -3800000,
        "costsandexpenses": 509000000,
        "incomelossfromcontinuingoperationsbeforeincometaxesminorityinterestandincomelossfromequitymethodinvestments": -15900000,
        "incometaxexpensebenefit": 24300000,
        "incomelossfromcontinuingoperations": 43400000,
        "profitloss": 43400000,
        "incomelossfromcontinuingoperationsperbasicshare": 0.36,
        "earningspersharebasic": 0.36,
        "incomelossfromcontinuingoperationsperdilutedshare": 0.35,
        "earningspersharediluted": 0.35,
        "weightedaveragenumberofsharesoutstandingbasic": 121200000,
        "weightedaveragenumberofdilutedsharesoutstanding": 125000000,
        "commonstockdividendspersharedeclared": 0.18,
        "netincomeloss": 43400000,
        "othercomprehensiveincomelossforeigncurrencytransactionandtranslationadjustmentbeforetax": -6600000,
        "othercomprehensiveincomeunrealizedholdinggainlossonsecuritiesarisingduringperiodnetoftax": 100000,
        "othercomprehensiveincomelosspensionandotherpostretirementbenefitplansadjustmentnetoftax": -100000,
        "othercomprehensiveincomelossnetoftaxportionattributabletoparent": -6400000,
        "comprehensiveincomenetoftax": 37000000,
        "othercomprehensiveincomelossavailableforsalesecuritiestax": -100000,
        "othercomprehensiveincomelosspensionandotherpostretirementbenefitplanstax": -100000
    },
    {
        "date": "2012-12-30",
        "symbol": "BR",
        "period": "Q2",
        "revenues": 326800000,
        "costofrevenue": 387600000,
        "sellinggeneralandadministrativeexpense": 77200000,
        "othernonoperatingincomeexpense": -3700000,
        "costsandexpenses": 468500000,
        "incomelossfromcontinuingoperationsbeforeincometaxesminorityinterestandincomelossfromequitymethodinvestments": -15100000,
        "incometaxexpensebenefit": 8900000,
        "incomelossfromcontinuingoperations": 15800000,
        "profitloss": 15800000,
        "incomelossfromcontinuingoperationsperbasicshare": 0.13000000000000003,
        "earningspersharebasic": 0.13000000000000003,
        "incomelossfromcontinuingoperationsperdilutedshare": 0.13,
        "earningspersharediluted": 0.13,
        "weightedaveragenumberofsharesoutstandingbasic": -1000000,
        "weightedaveragenumberofdilutedsharesoutstanding": -800000,
        "commonstockdividendspersharedeclared": 0.18,
        "netincomeloss": 15800000,
        "othercomprehensiveincomelossforeigncurrencytransactionandtranslationadjustmentbeforetax": 800000,
        "othercomprehensiveincomelosspensionandotherpostretirementbenefitplansadjustmentnetoftax": 0,
        "othercomprehensiveincomelossnetoftaxportionattributabletoparent": 900000,
        "comprehensiveincomenetoftax": 16700000,
        "othercomprehensiveincomelossavailableforsalesecuritiestax": -100000,
        "othercomprehensiveincomelosspensionandotherpostretirementbenefitplanstax": 0
    },
    {
        "date": "2012-09-29",
        "symbol": "BR",
        "period": "Q1",
        "revenues": 339500000,
        "costofrevenue": 390000000,
        "sellinggeneralandadministrativeexpense": 72900000,
        "othernonoperatingincomeexpense": -4300000,
        "costsandexpenses": 467200000,
        "incomelossfromcontinuingoperationsbeforeincometaxesminorityinterestandincomelossfromequitymethodinvestments": -11900000,
        "incometaxexpensebenefit": 10300000,
        "incomelossfromcontinuingoperations": 18300000,
        "profitloss": 18300000,
        "incomelossfromcontinuingoperationsperbasicshare": 0.15,
        "earningspersharebasic": 0.15,
        "incomelossfromcontinuingoperationsperdilutedshare": 0.14,
        "earningspersharediluted": 0.14,
        "weightedaveragenumberofsharesoutstandingbasic": 124000000,
        "weightedaveragenumberofdilutedsharesoutstanding": 127100000,
        "commonstockdividendspersharedeclared": 0.18,
        "netincomeloss": 18300000,
        "othercomprehensiveincomelossforeigncurrencytransactionandtranslationadjustmentbeforetax": 5100000,
        "othercomprehensiveincomelosspensionandotherpostretirementbenefitplansadjustmentnetoftax": 600000,
        "othercomprehensiveincomelossnetoftaxportionattributabletoparent": 4800000,
        "comprehensiveincomenetoftax": 23100000,
        "othercomprehensiveincomelossavailableforsalesecuritiestax": -200000,
        "othercomprehensiveincomelosspensionandotherpostretirementbenefitplanstax": 400000
    },
    {
        "date": "2012-06-29",
        "symbol": "BR",
        "period": "Q4",
        "revenues": -1453200000,
        "costofrevenue": 528900000,
        "sellinggeneralandadministrativeexpense": 91100000,
        "othernonoperatingincomeexpense": 29200000,
        "costsandexpenses": 665000000,
        "incomelossfromcontinuingoperationsbeforeincometaxesminorityinterestandincomelossfromequitymethodinvestments": 135300000,
        "incometaxexpensebenefit": 51900000,
        "incomelossfromcontinuingoperations": 83400000,
        "profitloss": 83400000,
        "incomelossfromcontinuingoperationsperbasicshare": 0.6699999999999999,
        "earningspersharebasic": 0.6699999999999999,
        "incomelossfromcontinuingoperationsperdilutedshare": 0.6599999999999999,
        "earningspersharediluted": 0.6599999999999999,
        "weightedaveragenumberofsharesoutstandingbasic": -247300000,
        "weightedaveragenumberofdilutedsharesoutstanding": -254800000,
        "commonstockdividendspersharedeclared": 0.15999999999999995
    },
    {
        "date": "2012-03-30",
        "symbol": "BR",
        "period": "Q3",
        "revenues": 547000000,
        "costofrevenue": 420800000,
        "sellinggeneralandadministrativeexpense": 70600000,
        "othernonoperatingincomeexpense": -26800000,
        "costsandexpenses": 518200000,
        "incomelossfromcontinuingoperationsbeforeincometaxesminorityinterestandincomelossfromequitymethodinvestments": 28800000,
        "incometaxexpensebenefit": 10700000,
        "incomelossfromcontinuingoperations": 18100000,
        "incomelossfromdiscontinuedoperationsnetoftaxattributabletoreportingentity": -1400000,
        "profitloss": 16700000,
        "incomelossfromcontinuingoperationsperbasicshare": 0.15,
        "incomelossfromdiscontinuedoperationsnetoftaxperbasicshare": -0.01,
        "earningspersharebasic": 0.14,
        "incomelossfromcontinuingoperationsperdilutedshare": 0.14,
        "incomelossfromdiscontinuedoperationsnetoftaxperdilutedshare": -0.01,
        "earningspersharediluted": 0.13,
        "weightedaveragenumberofsharesoutstandingbasic": 124000000,
        "weightedaveragenumberofdilutedsharesoutstanding": 128400000,
        "commonstockdividendspersharedeclared": 0.16
    },
    {
        "date": "2011-12-30",
        "symbol": "BR",
        "period": "Q2",
        "revenues": 479800000,
        "costofrevenue": 382600000,
        "sellinggeneralandadministrativeexpense": 73500000,
        "othernonoperatingincomeexpense": -13100000,
        "costsandexpenses": 469200000,
        "incomelossfromcontinuingoperationsbeforeincometaxesminorityinterestandincomelossfromequitymethodinvestments": 10600000,
        "incometaxexpensebenefit": 3800000,
        "incomelossfromcontinuingoperations": 6800000,
        "profitloss": 6800000,
        "incomelossfromcontinuingoperationsperbasicshare": 0.05,
        "earningspersharebasic": 0.05,
        "incomelossfromcontinuingoperationsperdilutedshare": 0.05,
        "earningspersharediluted": 0.05,
        "weightedaveragenumberofsharesoutstandingbasic": 123700000,
        "weightedaveragenumberofdilutedsharesoutstanding": 127200000,
        "commonstockdividendspersharedeclared": 0.16
    },
    {
        "date": "2011-09-29",
        "symbol": "BR",
        "period": "Q1",
        "revenues": 476400000,
        "costofrevenue": 382800000,
        "sellinggeneralandadministrativeexpense": 64700000,
        "othernonoperatingincomeexpense": -2700000,
        "costsandexpenses": 450200000,
        "incomelossfromcontinuingoperationsbeforeincometaxesminorityinterestandincomelossfromequitymethodinvestments": 26200000,
        "incometaxexpensebenefit": 9500000,
        "incomelossfromcontinuingoperations": 16700000,
        "profitloss": 16700000,
        "incomelossfromcontinuingoperationsperbasicshare": 0.14,
        "earningspersharebasic": 0.14,
        "incomelossfromcontinuingoperationsperdilutedshare": 0.13,
        "earningspersharediluted": 0.13,
        "weightedaveragenumberofsharesoutstandingbasic": 123700000,
        "weightedaveragenumberofdilutedsharesoutstanding": 126700000,
        "commonstockdividendspersharedeclared": 0.16
    },
    {
        "date": "2011-06-29",
        "symbol": "BR",
        "period": "Q4",
        "revenues": -1355500000,
        "costofrevenue": 517300000,
        "sellinggeneralandadministrativeexpense": 74700000,
        "othernonoperatingincomeexpense": -2900000,
        "costsandexpenses": 594900000,
        "incomelossfromcontinuingoperationsbeforeincometaxesminorityinterestandincomelossfromequitymethodinvestments": 181200000,
        "incometaxexpensebenefit": 65900000,
        "incomelossfromcontinuingoperations": 115300000,
        "incomelossfromcontinuingoperationsperbasicshare": 0.9299999999999998,
        "earningspersharebasic": 0.93,
        "incomelossfromcontinuingoperationsperdilutedshare": 0.91,
        "earningspersharediluted": 0.91,
        "weightedaveragenumberofsharesoutstandingbasic": -250900000,
        "weightedaveragenumberofdilutedsharesoutstanding": -258000000,
        "commonstockdividendspersharedeclared": 0.14999999999999994
    },
    {
        "date": "2011-03-30",
        "symbol": "BR",
        "period": "Q3",
        "revenues": 527100000,
        "costofrevenue": 406600000,
        "sellinggeneralandadministrativeexpense": 66900000,
        "othernonoperatingincomeexpense": -2500000,
        "costsandexpenses": 476000000,
        "incomelossfromcontinuingoperationsbeforeincometaxesminorityinterestandincomelossfromequitymethodinvestments": 51100000,
        "incometaxexpensebenefit": 18500000,
        "incomelossfromcontinuingoperations": 32600000,
        "incomelossfromdiscontinuedoperationsnetoftaxattributabletoreportingentity": -2900000,
        "netincomeloss": 29700000,
        "incomelossfromcontinuingoperationsperbasicshare": 0.26,
        "incomelossfromdiscontinuedoperationsnetoftaxperbasicshare": -0.02,
        "earningspersharebasic": 0.24,
        "incomelossfromcontinuingoperationsperdilutedshare": 0.25,
        "incomelossfromdiscontinuedoperationsnetoftaxperdilutedshare": -0.02,
        "earningspersharediluted": 0.23,
        "weightedaveragenumberofsharesoutstandingbasic": 124200000,
        "weightedaveragenumberofdilutedsharesoutstanding": 128200000,
        "commonstockdividendspersharedeclared": 0.15
    },
    {
        "date": "2010-12-30",
        "symbol": "BR",
        "period": "Q2",
        "revenues": 442300000,
        "costofrevenue": 356600000,
        "sellinggeneralandadministrativeexpense": 66900000,
        "othernonoperatingincomeexpense": -2300000,
        "costsandexpenses": 425800000,
        "incomelossfromcontinuingoperationsbeforeincometaxesminorityinterestandincomelossfromequitymethodinvestments": 16500000,
        "incometaxexpensebenefit": 5900000,
        "incomelossfromcontinuingoperations": 10600000,
        "incomelossfromdiscontinuedoperationsnetoftaxattributabletoreportingentity": -200000,
        "netincomeloss": 10400000,
        "incomelossfromcontinuingoperationsperbasicshare": 0.08,
        "earningspersharebasic": 0.08,
        "incomelossfromcontinuingoperationsperdilutedshare": 0.08,
        "earningspersharediluted": 0.08,
        "weightedaveragenumberofsharesoutstandingbasic": 125000000,
        "weightedaveragenumberofdilutedsharesoutstanding": 128500000,
        "commonstockdividendspersharedeclared": 0.15
    },
    {
        "date": "2010-09-29",
        "symbol": "BR",
        "period": "Q1",
        "revenues": 421400000,
        "costofrevenue": 336600000,
        "sellinggeneralandadministrativeexpense": 61500000,
        "othernonoperatingincomeexpense": -2400000,
        "costsandexpenses": 400500000,
        "incomelossfromcontinuingoperationsbeforeincometaxesminorityinterestandincomelossfromequitymethodinvestments": 20900000,
        "incometaxexpensebenefit": 7600000,
        "incomelossfromcontinuingoperations": 13300000,
        "netincomeloss": 13300000,
        "incomelossfromcontinuingoperationsperbasicshare": 0.11,
        "earningspersharebasic": 0.11,
        "incomelossfromcontinuingoperationsperdilutedshare": 0.1,
        "earningspersharediluted": 0.1,
        "weightedaveragenumberofsharesoutstandingbasic": 126500000,
        "weightedaveragenumberofdilutedsharesoutstanding": 129600000,
        "commonstockdividendspersharedeclared": 0.15
    }
]