[
    {
        "date": "2024-09-29",
        "symbol": "GM",
        "period": "Q3",
        "revenuefromcontractwithcustomerexcludingassessedtax": 44735000000,
        "revenuenotfromcontractwithcustomer": 4021000000,
        "revenues": 48757000000,
        "costofgoodsandservicessold": 39007000000,
        "operatingcostsandexpenses": 3353000000,
        "sellinggeneralandadministrativeexpense": 2745000000,
        "operatingexpenses": 45105000000,
        "operatingincomeloss": 3651000000,
        "interestexpensenonoperating": 206000000,
        "nonoperatingincomeexpense": 394000000,
        "incomelossfromequitymethodinvestmentslessincomefromoperationaljointventure": -122000000,
        "incomelossfromcontinuingoperationsbeforeincometaxesextraordinaryitemsnoncontrollinginterest": 3717000000,
        "incometaxexpensebenefit": 709000000,
        "profitloss": 3008000000,
        "netincomelossattributabletononcontrollinginterest": -48000000,
        "netincomeloss": 3056000000,
        "netincomelossavailabletocommonstockholdersbasic": 3029000000,
        "earningspersharebasic": 2.71,
        "weightedaveragenumberofsharesoutstandingbasic": 1116000000,
        "earningspersharediluted": 2.68,
        "weightedaveragenumberofdilutedsharesoutstanding": 1131000000,
        "commonstockdividendspersharedeclared": 0.12,
        "othercomprehensiveincomelossforeigncurrencytransactionandtranslationadjustmentnetoftax": 434000000,
        "othercomprehensiveincomelosspensionandotherpostretirementbenefitplansadjustmentnetoftax": 69000000,
        "othercomprehensiveincomelossnetoftax": -69000000,
        "comprehensiveincomenetoftaxincludingportionattributabletononcontrollinginterest": 3373000000,
        "comprehensiveincomenetoftaxattributabletononcontrollinginterest": -3000000,
        "comprehensiveincomenetoftax": 3376000000
    },
    {
        "date": "2024-06-29",
        "symbol": "GM",
        "period": "Q2",
        "revenuefromcontractwithcustomerexcludingassessedtax": 44060000000,
        "revenuenotfromcontractwithcustomer": 3908000000,
        "revenues": 47969000000,
        "costofgoodsandservicessold": 38615000000,
        "operatingcostsandexpenses": 3109000000,
        "sellinggeneralandadministrativeexpense": 2372000000,
        "operatingexpenses": 44096000000,
        "operatingincomeloss": 3873000000,
        "interestexpensenonoperating": 206000000,
        "nonoperatingincomeexpense": 60000000,
        "incomelossfromequitymethodinvestmentslessincomefromoperationaljointventure": -84000000,
        "incomelossfromcontinuingoperationsbeforeincometaxesextraordinaryitemsnoncontrollinginterest": 3643000000,
        "incometaxexpensebenefit": 767000000,
        "profitloss": 2877000000,
        "netincomelossattributabletononcontrollinginterest": -57000000,
        "netincomeloss": 2933000000,
        "netincomelossavailabletocommonstockholdersbasic": 2919000000,
        "earningspersharebasic": 2.57,
        "weightedaveragenumberofsharesoutstandingbasic": 1136000000,
        "earningspersharediluted": 2.55,
        "weightedaveragenumberofdilutedsharesoutstanding": 1147000000,
        "commonstockdividendspersharedeclared": 0.12,
        "othercomprehensiveincomelossforeigncurrencytransactionandtranslationadjustmentnetoftax": -398000000,
        "othercomprehensiveincomelosspensionandotherpostretirementbenefitplansadjustmentnetoftax": -45000000,
        "othercomprehensiveincomelossnetoftax": -353000000,
        "comprehensiveincomenetoftaxincludingportionattributabletononcontrollinginterest": 2524000000,
        "comprehensiveincomenetoftaxattributabletononcontrollinginterest": -82000000,
        "comprehensiveincomenetoftax": 2605000000
    },
    {
        "date": "2024-03-30",
        "symbol": "GM",
        "period": "Q1",
        "revenuefromcontractwithcustomerexcludingassessedtax": 39212000000,
        "revenuenotfromcontractwithcustomer": 3802000000,
        "revenues": 43014000000,
        "costofgoodsandservicessold": 33996000000,
        "operatingcostsandexpenses": 3106000000,
        "sellinggeneralandadministrativeexpense": 2175000000,
        "operatingexpenses": 39277000000,
        "operatingincomeloss": 3738000000,
        "interestexpense": 219000000,
        "nonoperatingincomeexpense": 302000000,
        "incomelossfromequitymethodinvestmentslessincomefromoperationaljointventure": -105000000,
        "incomelossfromcontinuingoperationsbeforeincometaxesextraordinaryitemsnoncontrollinginterest": 3715000000,
        "incometaxexpensebenefit": 762000000,
        "profitloss": 2953000000,
        "netincomelossattributabletononcontrollinginterest": -27000000,
        "netincomeloss": 2980000000,
        "netincomelossavailabletocommonstockholdersbasic": 2970000000,
        "earningspersharebasic": 2.57,
        "weightedaveragenumberofsharesoutstandingbasic": 1155000000,
        "earningspersharediluted": 2.56,
        "weightedaveragenumberofdilutedsharesoutstanding": 1162000000,
        "commonstockdividendspersharedeclared": 0.12,
        "othercomprehensiveincomelossforeigncurrencytransactionandtranslationadjustmentnetoftax": -335000000,
        "othercomprehensiveincomelosspensionandotherpostretirementbenefitplansadjustmentnetoftax": -76000000,
        "othercomprehensiveincomelossnetoftax": -259000000,
        "comprehensiveincomenetoftaxincludingportionattributabletononcontrollinginterest": 2694000000,
        "comprehensiveincomenetoftaxattributabletononcontrollinginterest": -73000000,
        "comprehensiveincomenetoftax": 2768000000
    },
    {
        "date": "2023-12-30",
        "symbol": "GM",
        "period": "Q4",
        "revenuefromcontractwithcustomerexcludingassessedtax": 39260000000,
        "revenuenotfromcontractwithcustomer": 3719000000,
        "revenues": 42980000000,
        "costofgoodsandservicessold": 36609000000,
        "operatingcostsandexpenses": 3061000000,
        "sellinggeneralandadministrativeexpense": 2391000000,
        "operatingexpenses": 42061000000,
        "operatingincomeloss": 918000000,
        "interestexpense": 222000000,
        "nonoperatingincomeexpense": 317000000,
        "incomelossfromequitymethodinvestmentslessincomefromoperationaljointventure": 124000000,
        "incomelossfromcontinuingoperationsbeforeincometaxesextraordinaryitemsnoncontrollinginterest": 1135000000,
        "incometaxexpensebenefit": -857000000,
        "profitloss": 1993000000,
        "netincomelossattributabletononcontrollinginterest": -109000000,
        "netincomeloss": 2102000000,
        "netincomelossavailabletocommonstockholdersbasic": 2075000000,
        "earningspersharebasic": 1.6099999999999997,
        "weightedaveragenumberofsharesoutstandingbasic": 1364000000,
        "earningspersharediluted": 1.6,
        "weightedaveragenumberofdilutedsharesoutstanding": 1369000000,
        "othercomprehensiveincomelossforeigncurrencytransactionandtranslationadjustmentnetoftax": 482000000,
        "othercomprehensiveincomelosspensionandotherpostretirementbenefitplansadjustmentnetoftax": 2812000000,
        "othercomprehensiveincomelossnetoftax": -2329000000,
        "comprehensiveincomenetoftaxincludingportionattributabletononcontrollinginterest": -336000000,
        "comprehensiveincomenetoftaxattributabletononcontrollinginterest": -109000000,
        "comprehensiveincomenetoftax": -229000000
    },
    {
        "date": "2023-09-29",
        "symbol": "GM",
        "period": "Q3",
        "revenuefromcontractwithcustomerexcludingassessedtax": 40498000000,
        "revenuenotfromcontractwithcustomer": 3633000000,
        "revenues": 44131000000,
        "costofgoodsandservicessold": 35842000000,
        "operatingcostsandexpenses": 2933000000,
        "sellinggeneralandadministrativeexpense": 2344000000,
        "operatingexpenses": 41118000000,
        "operatingincomeloss": 3013000000,
        "interestexpense": 229000000,
        "nonoperatingincomeexpense": 453000000,
        "incomelossfromequitymethodinvestmentslessincomefromoperationaljointventure": 227000000,
        "incomelossfromcontinuingoperationsbeforeincometaxesextraordinaryitemsnoncontrollinginterest": 3464000000,
        "incometaxexpensebenefit": 470000000,
        "profitloss": 2994000000,
        "netincomelossattributabletononcontrollinginterest": -70000000,
        "netincomeloss": 3064000000,
        "netincomelossavailabletocommonstockholdersbasic": 3038000000,
        "earningspersharebasic": 2.21,
        "weightedaveragenumberofsharesoutstandingbasic": 1372000000,
        "earningspersharediluted": 2.2,
        "weightedaveragenumberofdilutedsharesoutstanding": 1378000000,
        "commonstockdividendspersharedeclared": 0.09,
        "othercomprehensiveincomelossforeigncurrencytransactionandtranslationadjustmentnetoftax": -42000000,
        "othercomprehensiveincomelosspensionandotherpostretirementbenefitplansadjustmentnetoftax": -77000000,
        "othercomprehensiveincomelossnetoftax": 35000000,
        "comprehensiveincomenetoftaxincludingportionattributabletononcontrollinginterest": 3028000000,
        "comprehensiveincomenetoftaxattributabletononcontrollinginterest": -71000000,
        "comprehensiveincomenetoftax": 3099000000
    },
    {
        "date": "2023-06-29",
        "symbol": "GM",
        "period": "Q2",
        "revenuefromcontractwithcustomerexcludingassessedtax": 41254000000,
        "revenuenotfromcontractwithcustomer": 3493000000,
        "revenues": 44746000000,
        "costofgoodsandservicessold": 36632000000,
        "operatingcostsandexpenses": 2768000000,
        "sellinggeneralandadministrativeexpense": 2558000000,
        "operatingexpenses": 41958000000,
        "operatingincomeloss": 2789000000,
        "interestexpense": 226000000,
        "nonoperatingincomeexpense": 358000000,
        "incomelossfromequitymethodinvestmentslessincomefromoperationaljointventure": 108000000,
        "incomelossfromcontinuingoperationsbeforeincometaxesextraordinaryitemsnoncontrollinginterest": 3029000000,
        "incometaxexpensebenefit": 522000000,
        "profitloss": 2507000000,
        "netincomelossattributabletononcontrollinginterest": -59000000,
        "netincomeloss": 2566000000,
        "netincomelossavailabletocommonstockholdersbasic": 2540000000,
        "earningspersharebasic": 1.83,
        "weightedaveragenumberofsharesoutstandingbasic": 1385000000,
        "earningspersharediluted": 1.83,
        "weightedaveragenumberofdilutedsharesoutstanding": 1389000000,
        "commonstockdividendspersharedeclared": 0.09,
        "othercomprehensiveincomelossforeigncurrencytransactionandtranslationadjustmentnetoftax": -130000000,
        "othercomprehensiveincomelosspensionandotherpostretirementbenefitplansadjustmentnetoftax": 44000000,
        "othercomprehensiveincomelossnetoftax": -174000000,
        "comprehensiveincomenetoftaxincludingportionattributabletononcontrollinginterest": 2333000000,
        "comprehensiveincomenetoftaxattributabletononcontrollinginterest": -59000000,
        "comprehensiveincomenetoftax": 2393000000
    },
    {
        "date": "2023-03-30",
        "symbol": "GM",
        "period": "Q1",
        "revenuefromcontractwithcustomerexcludingassessedtax": 36646000000,
        "revenuenotfromcontractwithcustomer": 3339000000,
        "revenues": 39985000000,
        "costofgoodsandservicessold": 32247000000,
        "operatingcostsandexpenses": 2612000000,
        "sellinggeneralandadministrativeexpense": 2547000000,
        "operatingexpenses": 37407000000,
        "operatingincomeloss": 2578000000,
        "interestexpense": 234000000,
        "nonoperatingincomeexpense": 409000000,
        "incomelossfromequitymethodinvestmentslessincomefromoperationaljointventure": 21000000,
        "incomelossfromcontinuingoperationsbeforeincometaxesextraordinaryitemsnoncontrollinginterest": 2775000000,
        "incometaxexpensebenefit": 428000000,
        "profitloss": 2346000000,
        "netincomelossattributabletononcontrollinginterest": -49000000,
        "netincomeloss": 2395000000,
        "netincomelossavailabletocommonstockholdersbasic": 2369000000,
        "earningspersharebasic": 1.7,
        "weightedaveragenumberofsharesoutstandingbasic": 1396000000,
        "earningspersharediluted": 1.69,
        "weightedaveragenumberofdilutedsharesoutstanding": 1402000000,
        "commonstockdividendspersharedeclared": 0.09,
        "othercomprehensiveincomelossforeigncurrencytransactionandtranslationadjustmentnetoftax": 148000000,
        "othercomprehensiveincomelosspensionandotherpostretirementbenefitplansadjustmentnetoftax": 35000000,
        "othercomprehensiveincomelossnetoftax": 113000000,
        "comprehensiveincomenetoftaxincludingportionattributabletononcontrollinginterest": 2460000000,
        "comprehensiveincomenetoftaxattributabletononcontrollinginterest": -58000000,
        "comprehensiveincomenetoftax": 2518000000
    },
    {
        "date": "2022-12-30",
        "symbol": "GM",
        "period": "Q4",
        "revenuefromcontractwithcustomerexcludingassessedtax": 39834000000,
        "revenuenotfromcontractwithcustomer": -7760000000,
        "revenues": 12418000000,
        "costofgoodsandservicessold": 34578000000,
        "operatingcostsandexpenses": 2527000000,
        "sellinggeneralandadministrativeexpense": 3393000000,
        "operatingexpenses": 40498000000,
        "operatingincomeloss": 2611000000,
        "interestexpense": 268000000,
        "nonoperatingincomeexpense": 22000000,
        "incomelossfromequitymethodinvestments": 25000000,
        "incomelossfromcontinuingoperationsbeforeincometaxesextraordinaryitemsnoncontrollinginterest": 2589000000,
        "incometaxexpensebenefit": 581000000,
        "profitloss": 874000000,
        "netincomelossattributabletononcontrollinginterest": 8000000,
        "netincomeloss": 1998000000,
        "netincomelossavailabletocommonstockholdersbasic": 1984000000,
        "earningspersharebasic": 1.4100000000000004,
        "weightedaveragenumberofsharesoutstandingbasic": -2919000000,
        "earningspersharediluted": 1.3900000000000001,
        "weightedaveragenumberofdilutedsharesoutstanding": -2938000000,
        "othercomprehensiveincomelossforeigncurrencytransactionandtranslationadjustmentnetoftax": 405000000,
        "othercomprehensiveincomelosspensionandotherpostretirementbenefitplansadjustmentnetoftax": -1017000000,
        "othercomprehensiveincomelossnetoftax": 1017000000,
        "comprehensiveincomenetoftaxincludingportionattributabletononcontrollinginterest": 3429000000,
        "comprehensiveincomenetoftaxattributabletononcontrollinginterest": 19000000,
        "comprehensiveincomenetoftax": 3412000000
    },
    {
        "date": "2022-09-29",
        "symbol": "GM",
        "period": "Q3",
        "revenuefromcontractwithcustomerexcludingassessedtax": 38703000000,
        "revenuenotfromcontractwithcustomer": 3185000000,
        "revenues": 41889000000,
        "costofgoodsandservicessold": 33700000000,
        "operatingcostsandexpenses": 2320000000,
        "sellinggeneralandadministrativeexpense": 2477000000,
        "operatingexpenses": 38497000000,
        "operatingincomeloss": 3392000000,
        "interestexpense": 259000000,
        "nonoperatingincomeexpense": 598000000,
        "incomelossfromequitymethodinvestments": 367000000,
        "incomelossfromcontinuingoperationsbeforeincometaxesextraordinaryitemsnoncontrollinginterest": 4097000000,
        "incometaxexpensebenefit": 845000000,
        "profitloss": 3252000000,
        "netincomelossattributabletononcontrollinginterest": -53000000,
        "netincomeloss": 3305000000,
        "netincomelossavailabletocommonstockholdersbasic": 3278000000,
        "earningspersharebasic": 2.26,
        "weightedaveragenumberofsharesoutstandingbasic": 1448000000,
        "earningspersharediluted": 2.25,
        "weightedaveragenumberofdilutedsharesoutstanding": 1457000000,
        "commonstockdividendspersharedeclared": 0.09,
        "othercomprehensiveincomelossforeigncurrencytransactionandtranslationadjustmentnetoftax": -736000000,
        "othercomprehensiveincomelosspensionandotherpostretirementbenefitplansadjustmentnetoftax": -282000000,
        "othercomprehensiveincomelossnetoftax": -454000000,
        "comprehensiveincomenetoftaxincludingportionattributabletononcontrollinginterest": 2798000000,
        "comprehensiveincomenetoftaxattributabletononcontrollinginterest": -70000000,
        "comprehensiveincomenetoftax": 2868000000
    },
    {
        "date": "2022-06-29",
        "symbol": "GM",
        "period": "Q2",
        "revenuefromcontractwithcustomerexcludingassessedtax": 32614000000,
        "revenuenotfromcontractwithcustomer": 3145000000,
        "revenues": 35759000000,
        "costofgoodsandservicessold": 29261000000,
        "operatingcostsandexpenses": 2089000000,
        "sellinggeneralandadministrativeexpense": 2293000000,
        "operatingexpenses": 33643000000,
        "operatingincomeloss": 2116000000,
        "interestexpense": 234000000,
        "nonoperatingincomeexpense": 295000000,
        "incomelossfromequitymethodinvestments": -45000000,
        "incomelossfromcontinuingoperationsbeforeincometaxesextraordinaryitemsnoncontrollinginterest": 2132000000,
        "incometaxexpensebenefit": 490000000,
        "profitloss": 1642000000,
        "netincomelossattributabletononcontrollinginterest": -50000000,
        "netincomeloss": 1692000000,
        "netincomelossavailabletocommonstockholdersbasic": 1666000000,
        "earningspersharebasic": 1.14,
        "weightedaveragenumberofsharesoutstandingbasic": 1458000000,
        "earningspersharediluted": 1.14,
        "weightedaveragenumberofdilutedsharesoutstanding": 1465000000,
        "othercomprehensiveincomelossforeigncurrencytransactionandtranslationadjustmentnetoftax": -349000000,
        "othercomprehensiveincomelosspensionandotherpostretirementbenefitplansadjustmentnetoftax": -275000000,
        "othercomprehensiveincomelossnetoftax": -74000000,
        "comprehensiveincomenetoftaxincludingportionattributabletononcontrollinginterest": 1568000000,
        "comprehensiveincomenetoftaxattributabletononcontrollinginterest": -61000000,
        "comprehensiveincomenetoftax": 1629000000
    },
    {
        "date": "2022-03-30",
        "symbol": "GM",
        "period": "Q1",
        "revenuefromcontractwithcustomerexcludingassessedtax": 32824000000,
        "revenuenotfromcontractwithcustomer": 3155000000,
        "revenues": 35979000000,
        "costofgoodsandservicessold": 29353000000,
        "operatingcostsandexpenses": 1926000000,
        "sellinggeneralandadministrativeexpense": 2504000000,
        "operatingexpenses": 33783000000,
        "operatingincomeloss": 2196000000,
        "interestexpense": 226000000,
        "nonoperatingincomeexpense": 517000000,
        "incomelossfromequitymethodinvestments": 292000000,
        "incomelossfromcontinuingoperationsbeforeincometaxesextraordinaryitemsnoncontrollinginterest": 2779000000,
        "incometaxexpensebenefit": -28000000,
        "profitloss": 2807000000,
        "netincomelossattributabletononcontrollinginterest": -131000000,
        "netincomeloss": 2939000000,
        "netincomelossavailabletocommonstockholdersbasic": 1987000000,
        "earningspersharebasic": 1.36,
        "weightedaveragenumberofsharesoutstandingbasic": 1458000000,
        "earningspersharediluted": 1.35,
        "weightedaveragenumberofdilutedsharesoutstanding": 1470000000,
        "othercomprehensiveincomelossforeigncurrencytransactionandtranslationadjustmentnetoftax": 340000000,
        "othercomprehensiveincomelosspensionandotherpostretirementbenefitplansadjustmentnetoftax": -103000000,
        "othercomprehensiveincomelossnetoftax": 442000000,
        "comprehensiveincomenetoftaxincludingportionattributabletononcontrollinginterest": 3250000000,
        "comprehensiveincomenetoftaxattributabletononcontrollinginterest": -145000000,
        "comprehensiveincomenetoftax": 3394000000
    },
    {
        "date": "2021-09-29",
        "symbol": "GM",
        "period": "Q3",
        "revenuefromcontractwithcustomerexcludingassessedtax": 23426000000,
        "revenuenotfromcontractwithcustomer": 3353000000,
        "revenues": 26779000000,
        "costofgoodsandservicessold": 20672000000,
        "operatingcostsandexpenses": 2314000000,
        "sellinggeneralandadministrativeexpense": 2148000000,
        "operatingexpenses": 25134000000,
        "operatingincomeloss": 1645000000,
        "interestexpense": 230000000,
        "nonoperatingincomeexpense": 800000000,
        "incomelossfromequitymethodinvestments": 323000000,
        "incomelossfromcontinuingoperationsbeforeincometaxesextraordinaryitemsnoncontrollinginterest": 2538000000,
        "incometaxexpensebenefit": 152000000,
        "profitloss": 2386000000,
        "netincomelossattributabletononcontrollinginterest": -34000000,
        "netincomeloss": 2420000000,
        "netincomelossavailabletocommonstockholdersbasic": 2375000000,
        "earningspersharebasic": 1.64,
        "weightedaveragenumberofsharesoutstandingbasic": 1452000000,
        "earningspersharediluted": 1.62,
        "weightedaveragenumberofdilutedsharesoutstanding": 1467000000,
        "othercomprehensiveincomelossforeigncurrencytransactionandtranslationadjustmentnetoftax": -210000000,
        "othercomprehensiveincomelosspensionandotherpostretirementbenefitplansadjustmentnetoftax": -197000000,
        "othercomprehensiveincomelossnetoftax": -13000000,
        "comprehensiveincomenetoftaxincludingportionattributabletononcontrollinginterest": 2373000000,
        "comprehensiveincomenetoftaxattributabletononcontrollinginterest": -40000000,
        "comprehensiveincomenetoftax": 2413000000
    },
    {
        "date": "2021-06-29",
        "symbol": "GM",
        "period": "Q2",
        "revenuefromcontractwithcustomerexcludingassessedtax": 30744000000,
        "revenues": 3423000000,
        "costofgoodsandservicessold": 27266000000,
        "operatingcostsandexpenses": 1894000000,
        "sellinggeneralandadministrativeexpense": 2125000000,
        "operatingexpenses": 31285000000,
        "operatingincomeloss": 2882000000,
        "interestexpense": 243000000,
        "nonoperatingincomeexpense": 784000000,
        "incomelossfromequitymethodinvestments": 327000000,
        "incomelossfromcontinuingoperationsbeforeincometaxesextraordinaryitemsnoncontrollinginterest": 3750000000,
        "incometaxexpensebenefit": 971000000,
        "profitloss": 2779000000,
        "netincomelossattributabletononcontrollinginterest": -57000000,
        "netincomeloss": 2836000000,
        "netincomelossavailabletocommonstockholdersbasic": 2790000000,
        "earningspersharebasic": 1.92,
        "weightedaveragenumberofsharesoutstandingbasic": 1451000000,
        "earningspersharediluted": 1.9,
        "weightedaveragenumberofdilutedsharesoutstanding": 1468000000,
        "othercomprehensiveincomelossforeigncurrencytransactionandtranslationadjustmentnetoftax": 302000000,
        "othercomprehensiveincomelosspensionandotherpostretirementbenefitplansadjustmentnetoftax": -28000000,
        "othercomprehensiveincomelossnetoftax": 330000000,
        "comprehensiveincomenetoftaxincludingportionattributabletononcontrollinginterest": 3109000000,
        "comprehensiveincomenetoftaxattributabletononcontrollinginterest": -57000000,
        "comprehensiveincomenetoftax": 3166000000
    },
    {
        "date": "2021-03-30",
        "symbol": "GM",
        "period": "Q1",
        "revenuefromcontractwithcustomerexcludingassessedtax": 29067000000,
        "revenues": 3407000000,
        "costofgoodsandservicessold": 25115000000,
        "operatingcostsandexpenses": 2279000000,
        "sellinggeneralandadministrativeexpense": 1803000000,
        "operatingexpenses": 29197000000,
        "operatingincomeloss": 3277000000,
        "interestexpense": 250000000,
        "nonoperatingincomeexpense": 799000000,
        "incomelossfromequitymethodinvestments": 365000000,
        "incomelossfromcontinuingoperationsbeforeincometaxesextraordinaryitemsnoncontrollinginterest": 4191000000,
        "incometaxexpensebenefit": 1177000000,
        "profitloss": 3014000000,
        "netincomelossattributabletononcontrollinginterest": -8000000,
        "netincomeloss": 3022000000,
        "netincomelossavailabletocommonstockholdersbasic": 2976000000,
        "earningspersharebasic": 2.06,
        "weightedaveragenumberofsharesoutstandingbasic": 1447000000,
        "earningspersharediluted": 2.03,
        "weightedaveragenumberofdilutedsharesoutstanding": 1464000000,
        "othercomprehensiveincomelossforeigncurrencytransactionandtranslationadjustmentnetoftax": -5000000,
        "othercomprehensiveincomelosspensionandotherpostretirementbenefitplansadjustmentnetoftax": -160000000,
        "othercomprehensiveincomelossnetoftax": 155000000,
        "comprehensiveincomenetoftaxincludingportionattributabletononcontrollinginterest": 3169000000,
        "comprehensiveincomenetoftaxattributabletononcontrollinginterest": -15000000,
        "comprehensiveincomenetoftax": 3184000000
    },
    {
        "date": "2020-12-30",
        "symbol": "GM",
        "period": "Q4",
        "revenuefromcontractwithcustomerexcludingassessedtax": 34093000000,
        "revenues": 15997000000,
        "costofgoodsandservicessold": 30200000000,
        "operatingcostsandexpenses": 2421000000,
        "sellinggeneralandadministrativeexpense": 2130000000,
        "operatingincomeloss": 2767000000,
        "interestexpense": 3298000000,
        "nonoperatingincomeexpense": 662000000,
        "incomelossfromequitymethodinvestments": 34000000,
        "incomelossfromcontinuingoperationsbeforeincometaxesextraordinaryitemsnoncontrollinginterest": 3439000000,
        "incometaxexpensebenefit": 642000000,
        "profitloss": 926000000,
        "netincomelossattributabletononcontrollinginterest": -49000000,
        "netincomeloss": 2846000000,
        "netincomelossavailabletocommonstockholdersbasic": 2801000000,
        "earningspersharebasic": 1.9500000000000002,
        "earningspersharediluted": 1.9300000000000002,
        "weightedaveragenumberofdilutedsharesoutstanding": 3000000,
        "othercomprehensiveincomelossforeigncurrencytransactionandtranslationadjustmentnetoftax": 441000000,
        "othercomprehensiveincomelosspensionandotherpostretirementbenefitplansadjustmentnetoftax": 1958000000,
        "othercomprehensiveincomelossnetoftax": -1958000000,
        "comprehensiveincomenetoftaxincludingportionattributabletononcontrollinginterest": 1280000000,
        "comprehensiveincomenetoftaxattributabletononcontrollinginterest": -33000000,
        "comprehensiveincomenetoftax": 1313000000
    },
    {
        "date": "2020-09-29",
        "symbol": "GM",
        "period": "Q3",
        "revenuefromcontractwithcustomerexcludingassessedtax": 32067000000,
        "revenues": 3413000000,
        "costofgoodsandservicessold": 27169000000,
        "operatingcostsandexpenses": 2259000000,
        "sellinggeneralandadministrativeexpense": 1628000000,
        "operatingexpenses": 31056000000,
        "operatingincomeloss": 4424000000,
        "interestexpense": 327000000,
        "nonoperatingincomeexpense": 499000000,
        "incomelossfromequitymethodinvestments": 309000000,
        "incomelossfromcontinuingoperationsbeforeincometaxesextraordinaryitemsnoncontrollinginterest": 4905000000,
        "incometaxexpensebenefit": 887000000,
        "profitloss": 4018000000,
        "netincomelossattributabletononcontrollinginterest": -27000000,
        "netincomeloss": 4045000000,
        "netincomelossavailabletocommonstockholdersbasic": 4005000000,
        "earningspersharebasic": 2.8000000000000003,
        "weightedaveragenumberofsharesoutstandingbasic": 0,
        "earningspersharediluted": 2.79,
        "weightedaveragenumberofdilutedsharesoutstanding": 7000000,
        "othercomprehensiveincomelossforeigncurrencytransactionandtranslationadjustmentnetoftax": 67000000,
        "othercomprehensiveincomelosspensionandotherpostretirementbenefitplansadjustmentnetoftax": 115000000,
        "othercomprehensiveincomelossnetoftax": -48000000,
        "comprehensiveincomenetoftaxincludingportionattributabletononcontrollinginterest": 3970000000,
        "comprehensiveincomenetoftaxattributabletononcontrollinginterest": -21000000,
        "comprehensiveincomenetoftax": 3991000000
    },
    {
        "date": "2020-06-29",
        "symbol": "GM",
        "period": "Q2",
        "revenuefromcontractwithcustomerexcludingassessedtax": 13363000000,
        "revenues": 3415000000,
        "costofgoodsandservicessold": 13444000000,
        "operatingcostsandexpenses": 3238000000,
        "sellinggeneralandadministrativeexpense": 1310000000,
        "operatingexpenses": 17992000000,
        "operatingincomeloss": -1214000000,
        "interestexpense": 303000000,
        "nonoperatingincomeexpense": 413000000,
        "incomelossfromequitymethodinvestments": 212000000,
        "incomelossfromcontinuingoperationsbeforeincometaxesextraordinaryitemsnoncontrollinginterest": -892000000,
        "incometaxexpensebenefit": -112000000,
        "profitloss": -780000000,
        "netincomelossattributabletononcontrollinginterest": -22000000,
        "netincomeloss": -758000000,
        "netincomelossavailabletocommonstockholdersbasic": -806000000,
        "earningspersharebasic": -0.56,
        "weightedaveragenumberofsharesoutstandingbasic": -1000000,
        "earningspersharediluted": -0.56,
        "weightedaveragenumberofdilutedsharesoutstanding": -8000000,
        "commonstockdividendspersharedeclared": 0,
        "othercomprehensiveincomelossforeigncurrencytransactionandtranslationadjustmentnetoftax": -58000000,
        "othercomprehensiveincomelosspensionandotherpostretirementbenefitplansadjustmentnetoftax": 39000000,
        "othercomprehensiveincomelossnetoftax": -97000000,
        "comprehensiveincomenetoftaxincludingportionattributabletononcontrollinginterest": -877000000,
        "comprehensiveincomenetoftaxattributabletononcontrollinginterest": -18000000,
        "comprehensiveincomenetoftax": -859000000
    },
    {
        "date": "2020-03-30",
        "symbol": "GM",
        "period": "Q1",
        "revenuefromcontractwithcustomerexcludingassessedtax": 29150000000,
        "revenues": 3559000000,
        "costofgoodsandservicessold": 26726000000,
        "operatingcostsandexpenses": 3356000000,
        "sellinggeneralandadministrativeexpense": 1970000000,
        "operatingexpenses": 32052000000,
        "operatingincomeloss": 657000000,
        "interestexpense": 193000000,
        "nonoperatingincomeexpense": 311000000,
        "incomelossfromequitymethodinvestments": -132000000,
        "incomelossfromcontinuingoperationsbeforeincometaxesextraordinaryitemsnoncontrollinginterest": 643000000,
        "incometaxexpensebenefit": 357000000,
        "profitloss": 286000000,
        "netincomelossattributabletononcontrollinginterest": -8000000,
        "netincomeloss": 294000000,
        "netincomelossavailabletocommonstockholdersbasic": 247000000,
        "earningspersharebasic": 0.17,
        "weightedaveragenumberofsharesoutstandingbasic": 1433000000,
        "earningspersharediluted": 0.17,
        "weightedaveragenumberofdilutedsharesoutstanding": 1440000000,
        "commonstockdividendspersharedeclared": 0.38,
        "othercomprehensiveincomelossforeigncurrencytransactionandtranslationadjustmentnetoftax": -973000000,
        "othercomprehensiveincomelosspensionandotherpostretirementbenefitplansadjustmentnetoftax": -317000000,
        "othercomprehensiveincomelossnetoftax": -656000000,
        "comprehensiveincomenetoftaxincludingportionattributabletononcontrollinginterest": -370000000,
        "comprehensiveincomenetoftaxattributabletononcontrollinginterest": -20000000,
        "comprehensiveincomenetoftax": -350000000
    },
    {
        "date": "2019-12-30",
        "symbol": "GM",
        "period": "Q4",
        "revenuefromcontractwithcustomerincludingassessedtax": 27194000000,
        "revenues": 3632000000,
        "costofgoodsandservicessold": 25921000000,
        "operatingcostsandexpenses": 3177000000,
        "sellinggeneralandadministrativeexpense": 2282000000,
        "operatingincomeloss": -554000000,
        "nonoperatingincomeexpense": 131000000,
        "incomelossfromequitymethodinvestments": 268000000,
        "incomelossfromcontinuingoperationsbeforeincometaxesextraordinaryitemsnoncontrollinginterest": -355000000,
        "incometaxexpensebenefit": -163000000,
        "incomelossfromcontinuingoperationsincludingportionattributabletononcontrollinginterest": -192000000,
        "profitloss": -204000000,
        "netincomelossattributabletononcontrollinginterest": 2000000,
        "netincomeloss": -194000000,
        "netincomelossavailabletocommonstockholdersbasic": -232000000,
        "incomelossfromcontinuingoperationsperbasicshare": -0.17999999999999994,
        "earningspersharebasic": -0.17999999999999994,
        "weightedaveragenumberofsharesoutstandingbasic": -2841000000,
        "incomelossfromcontinuingoperationsperdilutedshare": -0.1699999999999997,
        "earningspersharediluted": -0.1699999999999997,
        "weightedaveragenumberofdilutedsharesoutstanding": -2877000000,
        "othercomprehensiveincomelossforeigncurrencytransactionandtranslationadjustmentnetoftax": 134000000,
        "othercomprehensiveincomelosspensionandotherpostretirementbenefitplansadjustmentnetoftax": 2284000000,
        "othercomprehensiveincomelossnetoftax": -1960000000,
        "comprehensiveincomenetoftaxincludingportionattributabletononcontrollinginterest": -2342000000,
        "comprehensiveincomenetoftaxattributabletononcontrollinginterest": 11000000,
        "comprehensiveincomenetoftax": -2353000000
    },
    {
        "date": "2019-09-29",
        "symbol": "GM",
        "period": "Q3",
        "revenuefromcontractwithcustomerincludingassessedtax": 31817000000,
        "revenues": 3656000000,
        "costofgoodsandservicessold": 28174000000,
        "operatingcostsandexpenses": 2987000000,
        "sellinggeneralandadministrativeexpense": 2008000000,
        "operatingexpenses": 33169000000,
        "operatingincomeloss": 2304000000,
        "interestexpense": 206000000,
        "nonoperatingincomeexpense": 169000000,
        "incomelossfromequitymethodinvestments": 315000000,
        "incomelossfromcontinuingoperationsbeforeincometaxesextraordinaryitemsnoncontrollinginterest": 2582000000,
        "incometaxexpensebenefit": 271000000,
        "incomelossfromcontinuingoperationsincludingportionattributabletononcontrollinginterest": 2311000000,
        "profitloss": 2311000000,
        "netincomelossattributabletononcontrollinginterest": -40000000,
        "netincomeloss": 2351000000,
        "netincomelossavailabletocommonstockholdersbasic": 2313000000,
        "incomelossfromcontinuingoperationsperbasicshare": 1.62,
        "earningspersharebasic": 1.62,
        "weightedaveragenumberofsharesoutstandingbasic": 1428000000,
        "incomelossfromcontinuingoperationsperdilutedshare": 1.6,
        "earningspersharediluted": 1.6,
        "weightedaveragenumberofdilutedsharesoutstanding": 1442000000,
        "commonstockdividendspersharedeclared": 0.38,
        "othercomprehensiveincomelossforeigncurrencytransactionandtranslationadjustmentnetoftax": -357000000,
        "othercomprehensiveincomelosspensionandotherpostretirementbenefitplansadjustmentnetoftax": -120000000,
        "othercomprehensiveincomelossnetoftax": -237000000,
        "comprehensiveincomenetoftaxincludingportionattributabletononcontrollinginterest": 2074000000,
        "comprehensiveincomenetoftaxattributabletononcontrollinginterest": -50000000,
        "comprehensiveincomenetoftax": 2124000000
    },
    {
        "date": "2019-06-29",
        "symbol": "GM",
        "period": "Q2",
        "revenuefromcontractwithcustomerincludingassessedtax": 32425000000,
        "revenues": 3635000000,
        "costofgoodsandservicessold": 28327000000,
        "operatingcostsandexpenses": 3144000000,
        "sellinggeneralandadministrativeexpense": 2102000000,
        "operatingexpenses": 33573000000,
        "operatingincomeloss": 2487000000,
        "interestexpense": 195000000,
        "nonoperatingincomeexpense": 364000000,
        "incomelossfromequitymethodinvestments": 271000000,
        "incomelossfromcontinuingoperationsbeforeincometaxesextraordinaryitemsnoncontrollinginterest": 2927000000,
        "incometaxexpensebenefit": 524000000,
        "incomelossfromcontinuingoperationsincludingportionattributabletononcontrollinginterest": 2403000000,
        "profitloss": 2403000000,
        "netincomelossattributabletononcontrollinginterest": -15000000,
        "netincomeloss": 2418000000,
        "netincomelossavailabletocommonstockholdersbasic": 2381000000,
        "incomelossfromcontinuingoperationsperbasicshare": 1.68,
        "earningspersharebasic": 1.68,
        "weightedaveragenumberofsharesoutstandingbasic": 1420000000,
        "incomelossfromcontinuingoperationsperdilutedshare": 1.66,
        "earningspersharediluted": 1.66,
        "weightedaveragenumberofdilutedsharesoutstanding": 1438000000,
        "commonstockdividendspersharedeclared": 0.38,
        "othercomprehensiveincomelossforeigncurrencytransactionandtranslationadjustmentnetoftax": 68000000,
        "othercomprehensiveincomelosspensionandotherpostretirementbenefitplansadjustmentnetoftax": -6000000,
        "othercomprehensiveincomelossnetoftax": 74000000,
        "comprehensiveincomenetoftaxincludingportionattributabletononcontrollinginterest": 2477000000,
        "comprehensiveincomenetoftaxattributabletononcontrollinginterest": -20000000,
        "comprehensiveincomenetoftax": 2497000000
    },
    {
        "date": "2019-03-30",
        "symbol": "GM",
        "period": "Q1",
        "revenuefromcontractwithcustomerincludingassessedtax": 31261000000,
        "revenues": 3617000000,
        "costofgoodsandservicessold": 28229000000,
        "operatingcostsandexpenses": 3306000000,
        "sellinggeneralandadministrativeexpense": 2099000000,
        "operatingexpenses": 33634000000,
        "operatingincomeloss": 1244000000,
        "interestexpense": 181000000,
        "nonoperatingincomeexpense": 805000000,
        "incomelossfromequitymethodinvestments": 414000000,
        "incomelossfromcontinuingoperationsbeforeincometaxesextraordinaryitemsnoncontrollinginterest": 2282000000,
        "incometaxexpensebenefit": 137000000,
        "incomelossfromcontinuingoperationsincludingportionattributabletononcontrollinginterest": 2145000000,
        "profitloss": 2157000000,
        "netincomelossattributabletononcontrollinginterest": -12000000,
        "netincomeloss": 2157000000,
        "netincomelossavailabletocommonstockholdersbasic": 2119000000,
        "incomelossfromcontinuingoperationsperbasicshare": 1.5,
        "earningspersharebasic": 1.5,
        "weightedaveragenumberofsharesoutstandingbasic": 1417000000,
        "incomelossfromcontinuingoperationsperdilutedshare": 1.48,
        "earningspersharediluted": 1.48,
        "weightedaveragenumberofdilutedsharesoutstanding": 1436000000,
        "commonstockdividendspersharedeclared": 0.38,
        "othercomprehensiveincomelossforeigncurrencytransactionandtranslationadjustmentnetoftax": 149000000,
        "othercomprehensiveincomelosspensionandotherpostretirementbenefitplansadjustmentnetoftax": -36000000,
        "othercomprehensiveincomelossnetoftax": -5000000,
        "comprehensiveincomenetoftaxincludingportionattributabletononcontrollinginterest": 2330000000,
        "comprehensiveincomenetoftaxattributabletononcontrollinginterest": -17000000,
        "comprehensiveincomenetoftax": 2347000000
    },
    {
        "date": "2018-09-29",
        "symbol": "GM",
        "period": "Q3",
        "revenues": 3518000000,
        "costofgoodsandservicessold": 28524000000,
        "sellinggeneralandadministrativeexpense": 2584000000,
        "operatingincomeloss": 1610000000,
        "interestexpense": 161000000,
        "nonoperatingincomeexpense": 651000000,
        "incomelossfromequitymethodinvestments": 45000000,
        "incomelossfromcontinuingoperationsbeforeincometaxesextraordinaryitemsnoncontrollinginterest": 3321000000,
        "incometaxexpensebenefit": 100000000,
        "incomelossfromcontinuingoperationsincludingportionattributabletononcontrollinginterest": 2530000000,
        "profitloss": 2534000000,
        "netincomelossattributabletononcontrollinginterest": -4000000,
        "netincomeloss": 3071000000,
        "netincomelossavailabletocommonstockholdersbasic": 2503000000,
        "incomelossfromcontinuingoperationsperbasicshare": 1.7699999999999998,
        "earningspersharebasic": 1.7700000000000005,
        "weightedaveragenumberofsharesoutstandingbasic": 1000000,
        "incomelossfromcontinuingoperationsperdilutedshare": 1.7499999999999996,
        "earningspersharediluted": 1.7499999999999998,
        "commonstockdividendspersharedeclared": 0.3799999999999999,
        "othercomprehensiveincomelossforeigncurrencytransactionandtranslationadjustmentnetoftax": -209000000,
        "othercomprehensiveincomelosspensionandotherpostretirementbenefitplansadjustmentnetoftax": -59000000,
        "othercomprehensiveincomelossnetoftax": 0,
        "comprehensiveincomenetoftaxincludingportionattributabletononcontrollinginterest": 2380000000,
        "comprehensiveincomenetoftaxattributabletononcontrollinginterest": -4000000,
        "comprehensiveincomenetoftax": 2384000000
    },
    {
        "date": "2018-06-29",
        "symbol": "GM",
        "period": "Q2",
        "salesrevenuenet": 30277000000,
        "financialservicesrevenue": 3491000000,
        "revenues": -29200000000,
        "costofgoodsandservicessold": 29760000000,
        "financialservicescosts": 2996000000,
        "sellinggeneralandadministrativeexpense": 2216000000,
        "costsandexpenses": 35283000000,
        "operatingincomeloss": 1477000000,
        "interestexpense": 159000000,
        "nonoperatingincomeexpense": 930000000,
        "incomelossfromequitymethodinvestments": -552000000,
        "incomelossfromcontinuingoperationsbeforeincometaxesextraordinaryitemsnoncontrollinginterest": 3209000000,
        "incometaxexpensebenefit": 519000000,
        "incomelossfromcontinuingoperationsincludingportionattributabletononcontrollinginterest": 2366000000,
        "incomelossfromdiscontinuedoperationsnetoftax": 0,
        "profitloss": 2390000000,
        "netincomelossattributabletononcontrollinginterest": -24000000,
        "netincomeloss": 2629000000,
        "netincomelossavailabletocommonstockholdersbasic": 2375000000,
        "incomelossfromcontinuingoperationsperbasicshare": 1.6900000000000002,
        "discontinuedoperationincomelossfromdiscontinuedoperationnetoftaxperbasicshare": 0,
        "earningspersharebasic": 1.69,
        "weightedaveragenumberofsharesoutstandingbasic": 1000000,
        "incomelossfromcontinuingoperationsperdilutedshare": 1.6600000000000001,
        "discontinuedoperationincomelossfromdiscontinuedoperationnetoftaxperdilutedshare": 0,
        "earningspersharediluted": 1.66,
        "weightedaveragenumberofdilutedsharesoutstanding": 0,
        "commonstockdividendspersharedeclared": 0.38,
        "othercomprehensiveincomelossforeigncurrencytransactionandtranslationadjustmentnetoftax": -328000000,
        "othercomprehensiveincomelosspensionandotherpostretirementbenefitplansadjustmentnetoftax": -234000000,
        "othercomprehensiveincomelossnetoftax": -4000000,
        "comprehensiveincomenetoftaxincludingportionattributabletononcontrollinginterest": 2272000000,
        "comprehensiveincomenetoftaxattributabletononcontrollinginterest": -28000000,
        "comprehensiveincomenetoftax": 2300000000
    },
    {
        "date": "2018-03-30",
        "symbol": "GM",
        "period": "Q1",
        "salesrevenuenet": 31558000000,
        "financialservicesrevenue": 3408000000,
        "revenues": 36099000000,
        "costofgoodsandservicessold": 29465000000,
        "financialservicescosts": 3014000000,
        "sellinggeneralandadministrativeexpense": 2372000000,
        "costsandexpenses": 35570000000,
        "operatingincomeloss": 529000000,
        "interestexpense": 150000000,
        "nonoperatingincomeexpense": 549000000,
        "incomelossfromequitymethodinvestments": 648000000,
        "incomelossfromcontinuingoperationsbeforeincometaxesextraordinaryitemsnoncontrollinginterest": 1131000000,
        "incometaxexpensebenefit": 466000000,
        "incomelossfromcontinuingoperationsincludingportionattributabletononcontrollinginterest": 1110000000,
        "incomelossfromdiscontinuedoperationsnetoftax": -70000000,
        "profitloss": 1046000000,
        "netincomelossattributabletononcontrollinginterest": -6000000,
        "netincomeloss": 702000000,
        "netincomelossavailabletocommonstockholdersbasic": 1032000000,
        "incomelossfromcontinuingoperationsperbasicshare": 0.78,
        "discontinuedoperationincomelossfromdiscontinuedoperationnetoftaxperbasicshare": 0.05,
        "earningspersharebasic": 0.73,
        "weightedaveragenumberofsharesoutstandingbasic": 1408000000,
        "incomelossfromcontinuingoperationsperdilutedshare": 0.77,
        "discontinuedoperationincomelossfromdiscontinuedoperationnetoftaxperdilutedshare": 0.05,
        "earningspersharediluted": 0.72,
        "weightedaveragenumberofdilutedsharesoutstanding": 1430000000,
        "commonstockdividendspersharedeclared": 0.38,
        "othercomprehensiveincomelossforeigncurrencytransactionandtranslationadjustmentnetoftax": 34000000,
        "othercomprehensiveincomelosspensionandotherpostretirementbenefitplansadjustmentnetoftax": 7000000,
        "othercomprehensiveincomelossnetoftax": -1000000,
        "comprehensiveincomenetoftaxincludingportionattributabletononcontrollinginterest": 1067000000,
        "comprehensiveincomenetoftaxattributabletononcontrollinginterest": -7000000,
        "comprehensiveincomenetoftax": 1074000000
    },
    {
        "date": "2017-09-29",
        "symbol": "GM",
        "period": "Q3",
        "salesrevenuenet": 30466000000,
        "financialservicesrevenue": 3157000000,
        "revenues": -13000000,
        "costofgoodsandservicessold": 26511000000,
        "financialservicescosts": 2892000000,
        "sellinggeneralandadministrativeexpense": 2304000000,
        "costsandexpenses": 31707000000,
        "operatingincomeloss": 1916000000,
        "interestexpense": 151000000,
        "nonoperatingincomeexpense": 165000000,
        "incomelossfromequitymethodinvestments": 41000000,
        "incomelossfromcontinuingoperationsbeforeincometaxesextraordinaryitemsnoncontrollinginterest": 2430000000,
        "incometaxexpensebenefit": 2316000000,
        "incomelossfromcontinuingoperationsincludingportionattributabletononcontrollinginterest": 114000000,
        "incomelossfromdiscontinuedoperationsnetoftax": -3096000000,
        "profitloss": -2982000000,
        "netincomelossattributabletononcontrollinginterest": -1000000,
        "netincomeloss": -2981000000,
        "netincomelossavailabletocommonstockholdersbasic": -2983000000,
        "incomelossfromcontinuingoperationsperbasicshare": 0.08,
        "discontinuedoperationincomelossfromdiscontinuedoperationnetoftaxperbasicshare": -2.14,
        "earningspersharebasic": -2.06,
        "weightedaveragenumberofsharesoutstandingbasic": 1445000000,
        "incomelossfromcontinuingoperationsperdilutedshare": 0.08,
        "discontinuedoperationincomelossfromdiscontinuedoperationnetoftaxperdilutedshare": -2.11,
        "earningspersharediluted": -2.03,
        "weightedaveragenumberofdilutedsharesoutstanding": 1472000000,
        "commonstockdividendspersharedeclared": 0.38,
        "othercomprehensiveincomelossforeigncurrencytransactionandtranslationadjustmentnetoftax": 371000000,
        "othercomprehensiveincomelosspensionandotherpostretirementbenefitplansadjustmentnetoftax": -1213000000,
        "othercomprehensiveincomelossnetoftax": 1213000000,
        "comprehensiveincomenetoftaxincludingportionattributabletononcontrollinginterest": -1398000000,
        "comprehensiveincomenetoftaxattributabletononcontrollinginterest": -3000000,
        "comprehensiveincomenetoftax": -1395000000
    },
    {
        "date": "2017-06-29",
        "symbol": "GM",
        "period": "Q2",
        "salesrevenuenet": 33998000000,
        "financialservicesrevenue": 2986000000,
        "revenues": -7000000,
        "costofgoodsandservicessold": 29212000000,
        "financialservicescosts": 2675000000,
        "sellinggeneralandadministrativeexpense": 2479000000,
        "costsandexpenses": 34366000000,
        "operatingincomeloss": 2618000000,
        "interestexpense": 132000000,
        "nonoperatingincomeexpense": -49000000,
        "incomelossfromequitymethodinvestments": 21000000,
        "incomelossfromcontinuingoperationsbeforeincometaxesextraordinaryitemsnoncontrollinginterest": 2967000000,
        "incometaxexpensebenefit": 534000000,
        "incomelossfromcontinuingoperationsincludingportionattributabletononcontrollinginterest": 2433000000,
        "incomelossfromdiscontinuedoperationsnetoftax": -770000000,
        "profitloss": 1663000000,
        "netincomelossattributabletononcontrollinginterest": 3000000,
        "netincomelossavailabletocommonstockholdersbasic": 1660000000,
        "incomelossfromcontinuingoperationsperbasicshare": 1.62,
        "discontinuedoperationincomelossfromdiscontinuedoperationnetoftaxperbasicshare": -0.51,
        "earningspersharebasic": 1.11,
        "weightedaveragenumberofsharesoutstandingbasic": 1497000000,
        "incomelossfromcontinuingoperationsperdilutedshare": 1.6,
        "discontinuedoperationincomelossfromdiscontinuedoperationnetoftaxperdilutedshare": -0.51,
        "earningspersharediluted": 1.09,
        "weightedaveragenumberofdilutedsharesoutstanding": 1519000000,
        "commonstockdividendspersharedeclared": 0.38,
        "othercomprehensiveincomelossforeigncurrencytransactionandtranslationadjustmentnetoftax": 93000000,
        "othercomprehensiveincomelosspensionandotherpostretirementbenefitplansadjustmentnetoftax": 211000000,
        "othercomprehensiveincomelossnetoftax": -211000000,
        "comprehensiveincomenetoftaxincludingportionattributabletononcontrollinginterest": 1545000000,
        "comprehensiveincomenetoftaxattributabletononcontrollinginterest": 4000000,
        "comprehensiveincomenetoftax": 1541000000
    },
    {
        "date": "2017-03-30",
        "symbol": "GM",
        "period": "Q1",
        "salesrevenuenet": 38325000000,
        "financialservicesrevenue": 2875000000,
        "revenues": -135000000,
        "costofgoodsandservicessold": 33105000000,
        "financialservicescosts": 2666000000,
        "sellinggeneralandadministrativeexpense": 2684000000,
        "costsandexpenses": 38455000000,
        "operatingincomeloss": 2745000000,
        "interestexpense": 144000000,
        "nonoperatingincomeexpense": 161000000,
        "incomelossfromequitymethodinvestments": 51000000,
        "incomelossfromcontinuingoperationsbeforeincometaxesextraordinaryitemsnoncontrollinginterest": 3317000000,
        "incometaxexpensebenefit": 700000000,
        "profitloss": 2608000000,
        "netincomelossattributabletononcontrollinginterest": 9000000,
        "netincomelossavailabletocommonstockholdersbasic": 2608000000,
        "earningspersharebasic": 1.73,
        "weightedaveragenumberofsharesoutstandingbasic": 1505000000,
        "earningspersharediluted": 1.7,
        "weightedaveragenumberofdilutedsharesoutstanding": 1532000000,
        "commonstockdividendspersharedeclared": 0.38,
        "othercomprehensiveincomelossforeigncurrencytransactionandtranslationadjustmentnetoftax": 108000000,
        "othercomprehensiveincomelosspensionandotherpostretirementbenefitplansadjustmentnetoftax": 29000000,
        "othercomprehensiveincomelossnetoftax": -1000000,
        "comprehensiveincomenetoftaxincludingportionattributabletononcontrollinginterest": 2696000000,
        "comprehensiveincomenetoftaxattributabletononcontrollinginterest": 8000000,
        "comprehensiveincomenetoftax": 2688000000
    },
    {
        "date": "2016-09-29",
        "symbol": "GM",
        "period": "Q3",
        "salesrevenuenet": 40334000000,
        "financialservicesrevenue": 2491000000,
        "revenues": -8000000,
        "costofgoodsandservicessold": 34778000000,
        "financialservicescosts": 2306000000,
        "sellinggeneralandadministrativeexpense": 2724000000,
        "costsandexpenses": 39808000000,
        "operatingincomeloss": 3017000000,
        "interestexpense": 148000000,
        "nonoperatingincomeexpense": 122000000,
        "incomelossfromequitymethodinvestments": 38000000,
        "incomelossfromcontinuingoperationsbeforeincometaxesextraordinaryitemsnoncontrollinginterest": 3488000000,
        "incometaxexpensebenefit": 776000000,
        "profitloss": 2712000000,
        "netincomelossattributabletononcontrollinginterest": -61000000,
        "netincomelossavailabletocommonstockholdersbasic": 2773000000,
        "earningspersharebasic": 1.79,
        "weightedaveragenumberofsharesoutstandingbasic": 1550000000,
        "earningspersharediluted": 1.76,
        "weightedaveragenumberofdilutedsharesoutstanding": 1574000000,
        "commonstockdividendspersharedeclared": 0.38,
        "othercomprehensiveincomelossforeigncurrencytransactiontranslationandotheradjustmentnetoftax": -92000000,
        "othercomprehensiveincomelosspensionandotherpostretirementbenefitplansadjustmentnetoftax": -30000000,
        "othercomprehensiveincomelossnetoftax": -84000000,
        "comprehensiveincomenetoftaxincludingportionattributabletononcontrollinginterest": 2650000000,
        "comprehensiveincomenetoftaxattributabletononcontrollinginterest": -75000000,
        "comprehensiveincomenetoftax": 2725000000
    },
    {
        "date": "2016-06-29",
        "symbol": "GM",
        "period": "Q2",
        "salesrevenuenet": 40089000000,
        "financialservicesrevenue": 2283000000,
        "revenues": -9000000,
        "costofgoodsandservicessold": 34426000000,
        "financialservicescosts": 2063000000,
        "sellinggeneralandadministrativeexpense": 2847000000,
        "costsandexpenses": 39336000000,
        "operatingincomeloss": 3036000000,
        "interestexpense": 147000000,
        "nonoperatingincomeexpense": 172000000,
        "incomelossfromequitymethodinvestments": 189000000,
        "incomelossfromcontinuingoperationsbeforeincometaxesextraordinaryitemsnoncontrollinginterest": 3721000000,
        "incometaxexpensebenefit": 871000000,
        "profitloss": 2850000000,
        "netincomelossattributabletononcontrollinginterest": -16000000,
        "netincomelossavailabletocommonstockholdersbasic": 2866000000,
        "earningspersharebasic": 1.85,
        "weightedaveragenumberofsharesoutstandingbasic": 1548000000,
        "earningspersharediluted": 1.81,
        "weightedaveragenumberofdilutedsharesoutstanding": 1581000000,
        "commonstockdividendspersharedeclared": 0.38,
        "othercomprehensiveincomelossforeigncurrencytransactiontranslationandotheradjustmentnetoftax": -19000000,
        "othercomprehensiveincomelosspensionandotherpostretirementbenefitplansadjustmentnetoftax": -171000000,
        "othercomprehensiveincomelossnetoftax": -7000000,
        "comprehensiveincomenetoftaxincludingportionattributabletononcontrollinginterest": 3002000000,
        "comprehensiveincomenetoftaxattributabletononcontrollinginterest": -13000000,
        "comprehensiveincomenetoftax": 3015000000
    },
    {
        "date": "2016-03-30",
        "symbol": "GM",
        "period": "Q1",
        "salesrevenuenet": 35195000000,
        "financialservicesrevenue": 2070000000,
        "revenues": 37265000000,
        "costofgoodsandservicessold": 30589000000,
        "financialservicescosts": 1886000000,
        "sellinggeneralandadministrativeexpense": 2818000000,
        "costsandexpenses": 35293000000,
        "operatingincomeloss": 1972000000,
        "interestexpense": 127000000,
        "nonoperatingincomeexpense": 85000000,
        "incomelossfromequitymethodinvestments": 42000000,
        "incomelossfromcontinuingoperationsbeforeincometaxesextraordinaryitemsnoncontrollinginterest": 2490000000,
        "incometaxexpensebenefit": 559000000,
        "profitloss": 1953000000,
        "netincomelossattributabletononcontrollinginterest": -22000000,
        "netincomelossavailabletocommonstockholdersbasic": 1953000000,
        "earningspersharebasic": 1.26,
        "weightedaveragenumberofsharesoutstandingbasic": 1546000000,
        "earningspersharediluted": 1.24,
        "weightedaveragenumberofdilutedsharesoutstanding": 1580000000,
        "commonstockdividendspersharedeclared": 0.38,
        "othercomprehensiveincomelossforeigncurrencytransactiontranslationandotheradjustmentnetoftax": 84000000,
        "othercomprehensiveincomelosspensionandotherpostretirementbenefitplansadjustmentnetoftax": 122000000,
        "othercomprehensiveincomelossnetoftax": -20000000,
        "comprehensiveincomenetoftaxincludingportionattributabletononcontrollinginterest": 1893000000,
        "comprehensiveincomenetoftaxattributabletononcontrollinginterest": -42000000,
        "comprehensiveincomenetoftax": 1935000000
    },
    {
        "date": "2015-09-29",
        "symbol": "GM",
        "period": "Q3",
        "salesrevenuenet": 37140000000,
        "financialservicesrevenue": 1703000000,
        "revenues": -4000000,
        "costofgoodsandservicessold": 32058000000,
        "financialservicescosts": 1506000000,
        "sellinggeneralandadministrativeexpense": 4282000000,
        "costsandexpenses": 37846000000,
        "operatingincomeloss": 997000000,
        "interestexpense": 112000000,
        "nonoperatingincomeexpense": 119000000,
        "incomelossfromequitymethodinvestments": 39000000,
        "incomelossfromcontinuingoperationsbeforeincometaxesextraordinaryitemsnoncontrollinginterest": 1506000000,
        "incometaxexpensebenefit": 165000000,
        "profitloss": 1341000000,
        "netincomelossattributabletononcontrollinginterest": -18000000,
        "netincomeloss": 1359000000,
        "netincomelossavailabletocommonstockholdersbasic": 1359000000,
        "earningspersharebasic": 0.86,
        "weightedaveragenumberofsharesoutstandingbasic": 1577000000,
        "earningspersharediluted": 0.84,
        "weightedaveragenumberofdilutedsharesoutstanding": 1618000000,
        "commonstockdividendspersharedeclared": 0.36,
        "othercomprehensiveincomelossforeigncurrencytransactionandtranslationadjustmentnetoftax": -645000000,
        "othercomprehensiveincomelossavailableforsalesecuritiesadjustmentnetoftax": 2000000,
        "othercomprehensiveincomelosspensionandotherpostretirementbenefitplansadjustmentnetoftax": -154000000,
        "othercomprehensiveincomelossnetoftax": -645000000,
        "comprehensiveincomenetoftaxincludingportionattributabletononcontrollinginterest": 852000000,
        "comprehensiveincomenetoftaxattributabletononcontrollinginterest": -16000000,
        "comprehensiveincomenetoftax": 868000000
    },
    {
        "date": "2015-06-29",
        "symbol": "GM",
        "period": "Q2",
        "salesrevenuenet": 36670000000,
        "financialservicesrevenue": 1510000000,
        "revenues": -5000000,
        "costofgoodsandservicessold": 32597000000,
        "financialservicescosts": 1318000000,
        "sellinggeneralandadministrativeexpense": 2977000000,
        "costsandexpenses": 36892000000,
        "operatingincomeloss": 1288000000,
        "interestexpense": 108000000,
        "nonoperatingincomeexpense": 13000000,
        "incomelossfromequitymethodinvestments": 21000000,
        "incomelossfromcontinuingoperationsbeforeincometaxesextraordinaryitemsnoncontrollinginterest": 1717000000,
        "incometaxexpensebenefit": 577000000,
        "profitloss": 1140000000,
        "netincomelossattributabletononcontrollinginterest": 23000000,
        "netincomeloss": 1117000000,
        "netincomelossavailabletocommonstockholdersbasic": 1117000000,
        "earningspersharebasic": 0.7,
        "weightedaveragenumberofsharesoutstandingbasic": 1596000000,
        "earningspersharediluted": 0.67,
        "weightedaveragenumberofdilutedsharesoutstanding": 1660000000,
        "commonstockdividendspersharedeclared": 0.36,
        "othercomprehensiveincomelossforeigncurrencytransactionandtranslationadjustmentnetoftax": -143000000,
        "othercomprehensiveincomelossavailableforsalesecuritiesadjustmentnetoftax": -5000000,
        "othercomprehensiveincomelosspensionandotherpostretirementbenefitplansadjustmentnetoftax": 65000000,
        "othercomprehensiveincomelossnetoftax": -143000000,
        "comprehensiveincomenetoftaxincludingportionattributabletononcontrollinginterest": 927000000,
        "comprehensiveincomenetoftaxattributabletononcontrollinginterest": 22000000,
        "comprehensiveincomenetoftax": 905000000
    },
    {
        "date": "2015-03-30",
        "symbol": "GM",
        "period": "Q1",
        "salesrevenuenet": 34364000000,
        "financialservicesrevenue": 1348000000,
        "revenues": 35712000000,
        "costofgoodsandservicessold": 30674000000,
        "financialservicescosts": 1168000000,
        "sellinggeneralandadministrativeexpense": 3117000000,
        "costsandexpenses": 34959000000,
        "operatingincomeloss": 753000000,
        "interestexpense": 110000000,
        "nonoperatingincomeexpense": 241000000,
        "incomelossfromequitymethodinvestments": 34000000,
        "incomelossfromcontinuingoperationsbeforeincometaxesextraordinaryitemsnoncontrollinginterest": 1437000000,
        "incometaxexpensebenefit": 529000000,
        "profitloss": 945000000,
        "netincomelossattributabletononcontrollinginterest": -37000000,
        "netincomeloss": 945000000,
        "netincomelossavailabletocommonstockholdersbasic": 945000000,
        "earningspersharebasic": 0.58,
        "weightedaveragenumberofsharesoutstandingbasic": 1617000000,
        "earningspersharediluted": 0.56,
        "weightedaveragenumberofdilutedsharesoutstanding": 1686000000,
        "commonstockdividendspersharedeclared": 0.3,
        "othercomprehensiveincomelossforeigncurrencytransactionandtranslationadjustmentnetoftax": 192000000,
        "othercomprehensiveincomelossavailableforsalesecuritiesadjustmentnetoftax": 5000000,
        "othercomprehensiveincomelosspensionandotherpostretirementbenefitplansadjustmentnetoftax": -554000000,
        "othercomprehensiveincomelossnetoftax": 9000000,
        "comprehensiveincomenetoftaxincludingportionattributabletononcontrollinginterest": 1659000000,
        "comprehensiveincomenetoftaxattributabletononcontrollinginterest": -28000000,
        "comprehensiveincomenetoftax": 1687000000
    },
    {
        "date": "2014-09-29",
        "symbol": "GM",
        "period": "Q3",
        "salesrevenuenet": 39000000,
        "financialservicesrevenue": 1261000000,
        "revenues": 5226000000,
        "costofgoodsandservicessold": 34054000000,
        "financialservicescosts": 1053000000,
        "sellinggeneralandadministrativeexpense": 2921000000,
        "costsandexpenses": 38028000000,
        "operatingincomeloss": 1227000000,
        "interestexpense": 96000000,
        "nonoperatingincomeexpense": 239000000,
        "gainslossesonextinguishmentofdebt": 2000000,
        "incomelossfromequitymethodinvestments": 13000000,
        "incomelossfromcontinuingoperationsbeforeincometaxesextraordinaryitemsnoncontrollinginterest": 1869000000,
        "incometaxexpensebenefit": 427000000,
        "profitloss": 28000000,
        "netincomelossattributabletononcontrollinginterest": -29000000,
        "netincomeloss": 1471000000,
        "netincomelossavailabletocommonstockholdersbasic": 1384000000,
        "earningspersharebasic": 0.86,
        "weightedaveragenumberofsharesoutstandingbasic": 1612000000,
        "earningspersharediluted": 0.81,
        "weightedaveragenumberofdilutedsharesoutstanding": 1691000000,
        "commonstockdividendspersharedeclared": 0.3,
        "othercomprehensiveincomelossforeigncurrencytransactionandtranslationadjustmentnetoftax": -79000000,
        "othercomprehensiveincomelossavailableforsalesecuritiesadjustmentnetoftax": -6000000,
        "othercomprehensiveincomelosspensionandotherpostretirementbenefitplansadjustmentnetoftax": -280000000,
        "othercomprehensiveincomelossnetoftax": -79000000,
        "comprehensiveincomenetoftaxincludingportionattributabletononcontrollinginterest": 1637000000,
        "comprehensiveincomenetoftaxattributabletononcontrollinginterest": -37000000,
        "comprehensiveincomenetoftax": 1674000000
    },
    {
        "date": "2014-06-29",
        "symbol": "GM",
        "period": "Q2",
        "salesrevenuenet": -12810000000,
        "financialservicesrevenue": -4000000,
        "revenues": -1105000000,
        "costofgoodsandservicessold": 35851000000,
        "financialservicescosts": 926000000,
        "sellinggeneralandadministrativeexpense": 3343000000,
        "costsandexpenses": 40120000000,
        "operatingincomeloss": -471000000,
        "interestexpense": 100000000,
        "nonoperatingincomeexpense": 81000000,
        "incomelossfromequitymethodinvestments": 47000000,
        "incomelossfromcontinuingoperationsbeforeincometaxesextraordinaryitemsnoncontrollinginterest": 33000000,
        "incometaxexpensebenefit": -254000000,
        "profitloss": 30000000,
        "netincomelossattributabletononcontrollinginterest": 9000000,
        "netincomeloss": 278000000,
        "netincomelossavailabletocommonstockholdersbasic": 190000000,
        "earningspersharebasic": 0.12000000000000001,
        "weightedaveragenumberofsharesoutstandingbasic": 11000000,
        "earningspersharediluted": 0.12,
        "weightedaveragenumberofdilutedsharesoutstanding": -2000000,
        "commonstockdividendspersharedeclared": 0.3,
        "othercomprehensiveincomelossforeigncurrencytransactionandtranslationadjustmentnetoftax": 46000000,
        "othercomprehensiveincomelossavailableforsalesecuritiesadjustmentnetoftax": 0,
        "othercomprehensiveincomelosspensionandotherpostretirementbenefitplansadjustmentnetoftax": 43000000,
        "othercomprehensiveincomelossnetoftax": -55000000,
        "comprehensiveincomenetoftaxincludingportionattributabletononcontrollinginterest": 290000000,
        "comprehensiveincomenetoftaxattributabletononcontrollinginterest": 7000000,
        "comprehensiveincomenetoftax": 283000000
    },
    {
        "date": "2014-03-30",
        "symbol": "GM",
        "period": "Q1",
        "salesrevenuenet": 24404000000,
        "financialservicesrevenue": -4000000,
        "revenues": 1097000000,
        "costofgoodsandservicessold": 34127000000,
        "financialservicescosts": 875000000,
        "sellinggeneralandadministrativeexpense": 2941000000,
        "costsandexpenses": 37943000000,
        "operatingincomeloss": -535000000,
        "interestexpense": 103000000,
        "nonoperatingincomeexpense": 89000000,
        "incomelossfromequitymethodinvestments": 10000000,
        "incomelossfromcontinuingoperationsbeforeincometaxesextraordinaryitemsnoncontrollinginterest": 56000000,
        "incometaxexpensebenefit": -224000000,
        "profitloss": 27000000,
        "netincomelossattributabletononcontrollinginterest": 67000000,
        "netincomeloss": 213000000,
        "netincomelossavailabletocommonstockholdersbasic": 125000000,
        "earningspersharebasic": 0.08,
        "weightedaveragenumberofsharesoutstandingbasic": 1587000000,
        "earningspersharediluted": 0.06,
        "weightedaveragenumberofdilutedsharesoutstanding": 1691000000,
        "commonstockdividendspersharedeclared": 0.3,
        "othercomprehensiveincomelossforeigncurrencytransactionandtranslationadjustmentnetoftax": -98000000,
        "othercomprehensiveincomelossavailableforsalesecuritiesadjustmentnetoftax": 3000000,
        "othercomprehensiveincomelosspensionandotherpostretirementbenefitplansadjustmentnetoftax": -67000000,
        "othercomprehensiveincomelossnetoftax": 3000000,
        "comprehensiveincomenetoftaxincludingportionattributabletononcontrollinginterest": 252000000,
        "comprehensiveincomenetoftaxattributabletononcontrollinginterest": 64000000,
        "comprehensiveincomenetoftax": 188000000
    },
    {
        "date": "2013-09-29",
        "symbol": "GM",
        "period": "Q3",
        "salesrevenuenet": 4381000000,
        "financialservicesrevenue": -4000000,
        "revenues": 39000000,
        "costofgoodsandservicessold": 33166000000,
        "financialservicescosts": 625000000,
        "sellinggeneralandadministrativeexpense": 2876000000,
        "goodwillimpairmentloss": 48000000,
        "costsandexpenses": 36727000000,
        "operatingincomeloss": 2256000000,
        "interestexpense": 65000000,
        "nonoperatingincomeexpense": -82000000,
        "gainslossesonextinguishmentofdebt": 2000000,
        "incomelossfromcontinuingoperationsbeforeincometaxesminorityinterestandincomelossfromequitymethodinvestments": 2111000000,
        "incometaxexpensebenefit": 85000000,
        "incomelossfromequitymethodinvestments": 425000000,
        "profitloss": 13000000,
        "netincomelossattributabletononcontrollinginterest": -12000000,
        "netincomeloss": -948000000,
        "netincomelossavailabletocommonstockholdersbasic": 698000000,
        "earningspersharebasic": 0.5,
        "weightedaveragenumberofsharesoutstandingbasic": 1386000000,
        "earningspersharediluted": 0.45,
        "weightedaveragenumberofdilutedsharesoutstanding": 1681000000,
        "othercomprehensiveincomelossforeigncurrencytransactionandtranslationadjustmentnetoftax": -154000000,
        "othercomprehensiveincomelossavailableforsalesecuritiesadjustmentnetoftax": 201000000,
        "othercomprehensiveincomelosspensionandotherpostretirementbenefitplansadjustmentnetoftax": -9000000,
        "othercomprehensiveincomelossnetoftax": 56000000,
        "comprehensiveincomenetoftaxincludingportionattributabletononcontrollinginterest": 1761000000,
        "comprehensiveincomenetoftaxattributabletononcontrollinginterest": -15000000,
        "comprehensiveincomenetoftax": 1776000000
    },
    {
        "date": "2013-06-29",
        "symbol": "GM",
        "period": "Q2",
        "salesrevenuenet": 250000000,
        "financialservicesrevenue": -1000000,
        "revenues": 248000000,
        "costofgoodsandservicessold": 33824000000,
        "financialservicescostsandother": 575000000,
        "automotivesellinggeneralandadministrativeexpense": 2925000000,
        "costsandexpenses": 37324000000,
        "operatingincomeloss": 1751000000,
        "interestexpense": -2000000,
        "nonoperatingincomeexpense": 6000000,
        "gainslossesonextinguishmentofdebt": -240000000,
        "incomelossfromcontinuingoperationsbeforeincometaxesminorityinterestandincomelossfromequitymethodinvestments": 1701000000,
        "incometaxexpensebenefit": 80000000,
        "incomelossfromequitymethodinvestments": 418000000,
        "profitloss": 17000000,
        "netincomelossattributabletononcontrollinginterest": -26000000,
        "netincomeloss": -1010000000,
        "netincomelossavailabletocommonstockholdersbasic": 1200000000,
        "earningspersharebasic": 0.87,
        "weightedaveragenumberofsharesoutstandingbasic": 1376000000,
        "earningspersharediluted": 0.75,
        "weightedaveragenumberofdilutedsharesoutstanding": 1677000000,
        "othercomprehensiveincomelossforeigncurrencytransactionandtranslationadjustmentnetoftax": -506000000,
        "othercomprehensiveincomelossunrealizedholdinggainlossonsecuritiesnetoftax": -5000000,
        "othercomprehensiveincomelosspensionandotherpostretirementbenefitplansadjustmentnetoftax": -79000000,
        "othercomprehensiveincomelossnetoftax": -432000000,
        "comprehensiveincomenetoftaxincludingportionattributabletononcontrollinginterest": 956000000,
        "comprehensiveincomenetoftaxattributabletononcontrollinginterest": -29000000,
        "comprehensiveincomenetoftax": 985000000
    },
    {
        "date": "2013-03-30",
        "symbol": "GM",
        "period": "Q1",
        "salesrevenuenet": 236000000,
        "financialservicesrevenue": 540000000,
        "revenues": 36884000000,
        "costofgoodsandservicessold": 32617000000,
        "financialservicescostsandother": 356000000,
        "automotivesellinggeneralandadministrativeexpense": 2939000000,
        "otheroperatingincomeexpensenet": -13000000,
        "costsandexpenses": 35925000000,
        "operatingincomeloss": 959000000,
        "interestexpense": 91000000,
        "nonoperatingincomeexpense": 1000000,
        "incomelossfromcontinuingoperationsbeforeincometaxesminorityinterestandincomelossfromequitymethodinvestments": 1039000000,
        "incometaxexpensebenefit": 67000000,
        "incomelossfromequitymethodinvestments": 555000000,
        "profitloss": 18000000,
        "netincomelossattributabletononcontrollinginterest": 10000000,
        "netincomeloss": -464000000,
        "netincomelossavailabletocommonstockholdersbasic": 865000000,
        "earningspersharebasic": 0.63,
        "weightedaveragenumberofsharesoutstandingbasic": 1372000000,
        "earningspersharediluted": 0.58,
        "weightedaveragenumberofdilutedsharesoutstanding": 1507000000,
        "othercomprehensiveincomelossforeigncurrencytransactionandtranslationadjustmentnetoftax": 263000000,
        "othercomprehensiveincomelossunrealizedholdinggainlossonsecuritiesnetoftax": -13000000,
        "othercomprehensiveincomelosspensionandotherpostretirementbenefitplansadjustmentnetoftax": -183000000,
        "othercomprehensiveincomelossnetoftax": 433000000,
        "comprehensiveincomenetoftaxincludingportionattributabletononcontrollinginterest": 1618000000,
        "comprehensiveincomenetoftaxattributabletononcontrollinginterest": 2000000,
        "comprehensiveincomenetoftax": 1616000000
    },
    {
        "date": "2012-09-29",
        "symbol": "GM",
        "period": "Q3",
        "salesrevenuenet": -530000000,
        "financialservicesrevenue": 514000000,
        "revenues": 37576000000,
        "costofgoodsandservicessold": 32735000000,
        "financialservicescostsandother": 311000000,
        "automotivesellinggeneralandadministrativeexpense": 2832000000,
        "otheroperatingincomeexpensenet": -17000000,
        "goodwillimpairmentloss": -106000000,
        "costsandexpenses": 35973000000,
        "operatingincomeloss": 1603000000,
        "interestexpense": 128000000,
        "nonoperatingincomeexpense": 30000000,
        "incomelossfromcontinuingoperationsbeforeincometaxesminorityinterestandincomelossfromequitymethodinvestments": 1793000000,
        "incometaxexpensebenefit": 286000000,
        "profitloss": -3129000000,
        "netincomelossattributabletononcontrollinginterest": 21000000,
        "netincomeloss": 129000000,
        "netincomelossavailabletocommonstockholdersbasic": 1476000000,
        "earningspersharebasic": 0.9399999999999996,
        "weightedaveragenumberofsharesoutstandingbasic": -1000000,
        "earningspersharediluted": 0.8899999999999998,
        "weightedaveragenumberofdilutedsharesoutstanding": -6000000,
        "othercomprehensiveincomeunrealizedholdinggainlossonsecuritiesarisingduringperiodnetoftax": -11000000,
        "othercomprehensiveincomedefinedbenefitplansduringperiodnetoftax": -715000000,
        "comprehensiveincomenetoftaxincludingportionattributabletononcontrollinginterest": 1135000000,
        "comprehensiveincomenetoftaxattributabletononcontrollinginterest": 31000000,
        "comprehensiveincomenetoftax": 1104000000
    },
    {
        "date": "2012-06-29",
        "symbol": "GM",
        "period": "Q2",
        "salesrevenuenet": -535000000,
        "financialservicesrevenue": 487000000,
        "revenues": 37614000000,
        "costofgoodsandservicessold": 32678000000,
        "financialservicescostsandother": 268000000,
        "automotivesellinggeneralandadministrativeexpense": 2842000000,
        "otheroperatingincomeexpensenet": -5000000,
        "goodwillimpairmentloss": -568000000,
        "costsandexpenses": 35793000000,
        "operatingincomeloss": 1821000000,
        "interestexpense": 118000000,
        "nonoperatingincomeexpense": 27000000,
        "gainslossesonextinguishmentofdebt": 0,
        "incomelossfromcontinuingoperationsbeforeincometaxesminorityinterestandincomelossfromequitymethodinvestments": 1842000000,
        "incometaxexpensebenefit": 132000000,
        "equityincomelossandgainondisposalofinvestments": -419000000,
        "profitloss": 3126000000,
        "netincomelossattributabletononcontrollinginterest": 55000000,
        "netincomeloss": 415000000,
        "netincomelossavailabletocommonstockholdersbasic": 1487000000,
        "earningspersharebasic": 0.9500000000000001,
        "weightedaveragenumberofsharesoutstandingbasic": -1000000,
        "earningspersharediluted": 0.89,
        "weightedaveragenumberofdilutedsharesoutstanding": -11000000,
        "othercomprehensiveincomeforeigncurrencytransactionandtranslationadjustmentnetoftaxperiodincreasedecrease": -115000000,
        "othercomprehensiveincomeunrealizedholdinggainlossonsecuritiesarisingduringperiodnetoftax": -136000000,
        "othercomprehensiveincomedefinedbenefitplansduringperiodnetoftax": 15000000,
        "othercomprehensiveincomelossnetoftaxperiodincreasedecrease": -143000000,
        "comprehensiveincomenetoftaxincludingportionattributabletononcontrollinginterest": 1663000000,
        "comprehensiveincomenetoftaxattributabletononcontrollinginterest": 44000000,
        "comprehensiveincomenetoftax": 1619000000
    },
    {
        "date": "2012-03-30",
        "symbol": "GM",
        "period": "Q1",
        "salesrevenuenet": -750000000,
        "financialservicesrevenue": 431000000,
        "revenues": 37759000000,
        "costofgoodsandservicessold": 32910000000,
        "financialservicescostsandother": 248000000,
        "automotivesellinggeneralandadministrativeexpense": 2973000000,
        "otheroperatingincomeexpensenet": -15000000,
        "goodwillimpairmentloss": 590000000,
        "costsandexpenses": 36763000000,
        "operatingincomeloss": 996000000,
        "interestexpense": 110000000,
        "nonoperatingincomeexpense": 15000000,
        "gainslossesonextinguishmentofdebt": -18000000,
        "incomelossfromcontinuingoperationsbeforeincometaxesminorityinterestandincomelossfromequitymethodinvestments": 1143000000,
        "incometaxexpensebenefit": 142000000,
        "equityincomelossandgainondisposalofinvestments": 423000000,
        "profitloss": 35000000,
        "netincomelossattributabletononcontrollinginterest": 35000000,
        "netincomeloss": -200000000,
        "netincomelossavailabletocommonstockholdersbasic": 1004000000,
        "earningspersharebasic": 0.64,
        "weightedaveragenumberofsharesoutstandingbasic": 1572000000,
        "earningspersharediluted": 0.6,
        "weightedaveragenumberofdilutedsharesoutstanding": 1692000000,
        "othercomprehensiveincomeforeigncurrencytransactionandtranslationadjustmentnetoftaxperiodincreasedecrease": 63000000,
        "othercomprehensiveincomeunrealizedholdinggainlossonsecuritiesarisingduringperiodnetoftax": -4000000,
        "othercomprehensiveincomedefinedbenefitplansduringperiodnetoftax": 43000000,
        "othercomprehensiveincomelossnetoftaxperiodincreasedecrease": 9000000,
        "comprehensiveincomenetoftaxincludingportionattributabletononcontrollinginterest": 1452000000,
        "comprehensiveincomenetoftaxattributabletononcontrollinginterest": 44000000,
        "comprehensiveincomenetoftax": 1408000000
    }
]