[
    {
        "date": "2024-09-29",
        "symbol": "IEX",
        "period": "Q3",
        "revenues": 798200000,
        "costofgoodsandservicessold": 444300000,
        "grossprofit": 353900000,
        "sellinggeneralandadministrativeexpense": 182900000,
        "restructuringcostsandassetimpairmentcharges": 3000000,
        "operatingincomeloss": 168000000,
        "gainlossonsaleofbusiness": -600000,
        "othernonoperatingincomeexpense": -2700000,
        "interestexpensenonoperating": 10300000,
        "incomelossfromcontinuingoperationsbeforeincometaxesextraordinaryitemsnoncontrollinginterest": 154400000,
        "incometaxexpensebenefit": 35500000,
        "profitloss": 118900000,
        "netincomelossattributabletononcontrollinginterest": -200000,
        "netincomeloss": 119100000,
        "earningspersharebasic": 1.57,
        "earningspersharediluted": 1.57,
        "weightedaveragenumberofsharesoutstandingbasic": 75700000,
        "weightedaveragenumberofdilutedsharesoutstanding": 75900000,
        "othercomprehensiveincomelossamortizationadjustmentfromaocipensionandotherpostretirementbenefitplansfornetpriorservicecostcreditnetoftax": -100000,
        "othercomprehensiveincomelossforeigncurrencytransactionandtranslationadjustmentnetoftaxexcludingdivestitures": 91800000,
        "othercomprehensiveincomelossnetoftax": 91700000,
        "comprehensiveincomenetoftaxincludingportionattributabletononcontrollinginterest": 210600000,
        "comprehensiveincomenetoftaxattributabletononcontrollinginterest": -200000,
        "comprehensiveincomenetoftax": 210800000,
        "othercomprehensiveincomelossamortizationadjustmentfromaocipensionandotherpostretirementbenefitplansfornetpriorservicecostcredittax": 100000
    },
    {
        "date": "2024-06-29",
        "symbol": "IEX",
        "period": "Q2",
        "revenues": 807200000,
        "costofgoodsandservicessold": 440400000,
        "grossprofit": 366800000,
        "sellinggeneralandadministrativeexpense": 182800000,
        "restructuringcostsandassetimpairmentcharges": 1300000,
        "operatingincomeloss": 182700000,
        "othernonoperatingincomeexpense": 0,
        "incomelossfromcontinuingoperationsbeforeincometaxesextraordinaryitemsnoncontrollinginterest": 179200000,
        "incometaxexpensebenefit": 38000000,
        "profitloss": 141200000,
        "netincomelossattributabletononcontrollinginterest": -100000,
        "netincomeloss": 141300000,
        "earningspersharebasic": 1.8599999999999999,
        "earningspersharediluted": 1.8599999999999999,
        "weightedaveragenumberofsharesoutstandingbasic": 75700000,
        "weightedaveragenumberofdilutedsharesoutstanding": 75900000,
        "othercomprehensiveincomelossamortizationadjustmentfromaocipensionandotherpostretirementbenefitplansfornetpriorservicecostcreditnetoftax": -200000,
        "othercomprehensiveincomelossforeigncurrencytransactionandtranslationadjustmentnetoftaxexcludingdivestitures": -6000000,
        "othercomprehensiveincomelossnetoftax": -6200000,
        "comprehensiveincomenetoftaxincludingportionattributabletononcontrollinginterest": 135000000,
        "comprehensiveincomenetoftaxattributabletononcontrollinginterest": -100000,
        "comprehensiveincomenetoftax": 135100000
    },
    {
        "date": "2024-03-30",
        "symbol": "IEX",
        "period": "Q1",
        "revenues": 800500000,
        "costofgoodsandservicessold": 443100000,
        "grossprofit": 357400000,
        "sellinggeneralandadministrativeexpense": 195100000,
        "restructuringcostsandassetimpairmentcharges": 1100000,
        "operatingincomeloss": 161200000,
        "othernonoperatingincomeexpense": 2700000,
        "interestexpense": 9400000,
        "incomelossfromcontinuingoperationsbeforeincometaxesextraordinaryitemsnoncontrollinginterest": 154500000,
        "incometaxexpensebenefit": 33200000,
        "profitloss": 121300000,
        "netincomelossattributabletononcontrollinginterest": -100000,
        "netincomeloss": 121400000,
        "earningspersharebasic": 1.6,
        "earningspersharediluted": 1.6,
        "weightedaveragenumberofsharesoutstandingbasic": 75700000,
        "weightedaveragenumberofdilutedsharesoutstanding": 75900000,
        "othercomprehensiveincomelossamortizationadjustmentfromaocipensionandotherpostretirementbenefitplansfornetpriorservicecostcreditnetoftax": -100000,
        "othercomprehensiveincomelossforeigncurrencytransactionandtranslationadjustmentnetoftaxexcludingdivestitures": -64300000,
        "othercomprehensiveincomelossnetoftax": -64400000,
        "comprehensiveincomenetoftaxincludingportionattributabletononcontrollinginterest": 56900000,
        "comprehensiveincomenetoftaxattributabletononcontrollinginterest": -100000,
        "comprehensiveincomenetoftax": 57000000
    },
    {
        "date": "2023-12-30",
        "symbol": "IEX",
        "period": "Q4",
        "revenues": 788900000,
        "costofgoodsandservicessold": 452100000,
        "grossprofit": 336800000,
        "sellinggeneralandadministrativeexpense": 173600000,
        "restructuringcostsandassetimpairmentcharges": 2700000,
        "operatingincomeloss": 160500000,
        "othernonoperatingincomeexpense": 400000,
        "interestexpense": 11600000,
        "incomelossfromcontinuingoperationsbeforeincometaxesextraordinaryitemsnoncontrollinginterest": 140200000,
        "incometaxexpensebenefit": 31900000,
        "profitloss": 108300000,
        "netincomeloss": 108600000,
        "earningspersharebasic": 1.4300000000000002,
        "earningspersharediluted": 1.4399999999999993,
        "weightedaveragenumberofsharesoutstandingbasic": 75600000,
        "weightedaveragenumberofdilutedsharesoutstanding": 75900000,
        "othercomprehensiveincomelossamortizationadjustmentfromaocipensionandotherpostretirementbenefitplansfornetpriorservicecostcreditnetoftax": -6600000,
        "othercomprehensiveincomelossforeigncurrencytransactionandtranslationadjustmentnetoftaxexcludingdivestitures": 107000000,
        "othercomprehensiveincomelossnetoftaxportionattributabletoparent": 100400000,
        "comprehensiveincomenetoftaxincludingportionattributabletononcontrollinginterest": 208700000,
        "comprehensiveincomenetoftax": 209000000
    },
    {
        "date": "2023-09-29",
        "symbol": "IEX",
        "period": "Q3",
        "revenues": 793400000,
        "costofgoodsandservicessold": 443800000,
        "grossprofit": 349600000,
        "sellinggeneralandadministrativeexpense": 165900000,
        "restructuringcostsandassetimpairmentcharges": 4100000,
        "operatingincomeloss": 179600000,
        "gainlossonsaleofbusiness": 93800000,
        "othernonoperatingincomeexpense": 2100000,
        "interestexpense": 13700000,
        "incomelossfromcontinuingoperationsbeforeincometaxesextraordinaryitemsnoncontrollinginterest": 261800000,
        "incometaxexpensebenefit": 52800000,
        "profitloss": 209000000,
        "netincomelossattributabletononcontrollinginterest": -100000,
        "netincomeloss": 209100000,
        "earningspersharebasic": 2.76,
        "earningspersharediluted": 2.75,
        "weightedaveragenumberofsharesoutstandingbasic": 75600000,
        "weightedaveragenumberofdilutedsharesoutstanding": 75900000,
        "othercomprehensiveincomelossamortizationadjustmentfromaocipensionandotherpostretirementbenefitplansfornetpriorservicecostcreditnetoftax": -300000,
        "othercomprehensiveincomelossforeigncurrencytransactionandtranslationadjustmentnetoftaxexcludingdivestitures": -58100000,
        "othercomprehensiveincomelossnetoftaxportionattributabletoparent": -58400000,
        "comprehensiveincomenetoftaxincludingportionattributabletononcontrollinginterest": 150600000,
        "comprehensiveincomenetoftaxattributabletononcontrollinginterest": -100000,
        "comprehensiveincomenetoftax": 150700000
    },
    {
        "date": "2023-06-29",
        "symbol": "IEX",
        "period": "Q2",
        "revenues": 846200000,
        "costofgoodsandservicessold": 468200000,
        "grossprofit": 378000000,
        "sellinggeneralandadministrativeexpense": 174300000,
        "restructuringcostsandassetimpairmentcharges": 3600000,
        "operatingincomeloss": 200100000,
        "othernonoperatingincomeexpense": -8300000,
        "interestexpense": 13300000,
        "incomelossfromcontinuingoperationsbeforeincometaxesextraordinaryitemsnoncontrollinginterest": 178500000,
        "incometaxexpensebenefit": 40000000,
        "profitloss": 138500000,
        "netincomelossattributabletononcontrollinginterest": -100000,
        "netincomeloss": 138600000,
        "earningspersharebasic": 1.83,
        "earningspersharediluted": 1.82,
        "weightedaveragenumberofsharesoutstandingbasic": 75600000,
        "weightedaveragenumberofdilutedsharesoutstanding": 75900000,
        "othercomprehensiveincomelossamortizationadjustmentfromaocipensionandotherpostretirementbenefitplansfornetpriorservicecostcreditnetoftax": -900000,
        "othercomprehensiveincomelossforeigncurrencytransactionandtranslationadjustmentnetoftaxexcludingdivestitures": 2300000,
        "othercomprehensiveincomelossnetoftaxportionattributabletoparent": 1400000,
        "comprehensiveincomenetoftaxincludingportionattributabletononcontrollinginterest": 139900000,
        "comprehensiveincomenetoftaxattributabletononcontrollinginterest": -100000,
        "comprehensiveincomenetoftax": 140000000
    },
    {
        "date": "2023-03-30",
        "symbol": "IEX",
        "period": "Q1",
        "revenues": 845400000,
        "costofgoodsandservicessold": 462900000,
        "grossprofit": 382500000,
        "sellinggeneralandadministrativeexpense": 189700000,
        "restructuringcostsandassetimpairmentcharges": 500000,
        "operatingincomeloss": 192300000,
        "othernonoperatingincomeexpense": 600000,
        "interestexpense": 13100000,
        "incomelossfromcontinuingoperationsbeforeincometaxesextraordinaryitemsnoncontrollinginterest": 179800000,
        "incometaxexpensebenefit": 40000000,
        "profitloss": 139800000,
        "netincomeloss": 139800000,
        "earningspersharebasic": 1.85,
        "earningspersharediluted": 1.84,
        "weightedaveragenumberofsharesoutstandingbasic": 75600000,
        "weightedaveragenumberofdilutedsharesoutstanding": 75900000,
        "othercomprehensiveincomelossamortizationadjustmentfromaocipensionandotherpostretirementbenefitplansfornetpriorservicecostcreditnetoftax": 400000,
        "othercomprehensiveincomelossforeigncurrencytransactionandtranslationadjustmentnetoftaxexcludingdivestitures": 36600000,
        "othercomprehensiveincomelossnetoftaxportionattributabletoparent": 37000000,
        "comprehensiveincomenetoftaxincludingportionattributabletononcontrollinginterest": 176800000,
        "comprehensiveincomenetoftax": 176800000
    },
    {
        "date": "2022-12-30",
        "symbol": "IEX",
        "period": "Q4",
        "revenues": 810700000,
        "costofgoodsandservicessold": 465000000,
        "grossprofit": 345700000,
        "sellinggeneralandadministrativeexpense": 169000000,
        "restructuringcostsandassetimpairmentcharges": 1700000,
        "operatingincomeloss": 175000000,
        "othernonoperatingincomeexpense": 600000,
        "interestexpense": 12100000,
        "incomelossfromcontinuingoperationsbeforeincometaxesextraordinaryitemsnoncontrollinginterest": 163500000,
        "incometaxexpensebenefit": 33500000,
        "profitloss": 130000000,
        "netincomeloss": 130000000,
        "earningspersharebasic": 1.7200000000000004,
        "earningspersharediluted": 1.7100000000000004,
        "weightedaveragenumberofsharesoutstandingbasic": -100000,
        "weightedaveragenumberofdilutedsharesoutstanding": -100000,
        "othercomprehensiveincomelossamortizationadjustmentfromaocipensionandotherpostretirementbenefitplansfornetpriorservicecostcreditnetoftax": 16500000,
        "comprehensiveincomenetoftaxincludingportionattributabletononcontrollinginterest": 267900000,
        "comprehensiveincomenetoftax": 267900000
    },
    {
        "date": "2022-09-29",
        "symbol": "IEX",
        "period": "Q3",
        "revenues": 824000000,
        "costofgoodsandservicessold": 442200000,
        "grossprofit": 381800000,
        "sellinggeneralandadministrativeexpense": 161900000,
        "restructuringcostsandassetimpairmentcharges": 17700000,
        "operatingincomeloss": 202200000,
        "othernonoperatingincomeexpense": 2100000,
        "interestexpense": 9600000,
        "incomelossfromcontinuingoperationsbeforeincometaxesextraordinaryitemsnoncontrollinginterest": 228400000,
        "incometaxexpensebenefit": 49700000,
        "profitloss": 178700000,
        "netincomelossattributabletononcontrollinginterest": 0,
        "netincomeloss": 178700000,
        "earningspersharebasic": 2.3599999999999994,
        "earningspersharediluted": 2.3599999999999994,
        "weightedaveragenumberofsharesoutstandingbasic": -76100000,
        "weightedaveragenumberofdilutedsharesoutstanding": -76400000,
        "othercomprehensiveincomelossamortizationadjustmentfromaocipensionandotherpostretirementbenefitplansfornetpriorservicecostcreditnetoftax": 600000,
        "othercomprehensiveincomelossforeigncurrencytransactionandtranslationadjustmentnetoftaxexcludingdivestitures": -94900000,
        "othercomprehensiveincomelossnetoftaxportionattributabletoparent": -94300000,
        "comprehensiveincomenetoftaxincludingportionattributabletononcontrollinginterest": 84400000,
        "comprehensiveincomenetoftax": 84500000
    },
    {
        "date": "2022-06-29",
        "symbol": "IEX",
        "period": "Q2",
        "revenues": 796100000,
        "costofgoodsandservicessold": 439200000,
        "grossprofit": 356900000,
        "sellinggeneralandadministrativeexpense": 167500000,
        "restructuringcostsandassetimpairmentcharges": 2800000,
        "operatingincomeloss": 186600000,
        "othernonoperatingincomeexpense": -1100000,
        "interestexpense": 9500000,
        "incomelossfromcontinuingoperationsbeforeincometaxesextraordinaryitemsnoncontrollinginterest": 177100000,
        "incometaxexpensebenefit": 39000000,
        "profitloss": 138100000,
        "netincomelossattributabletononcontrollinginterest": -100000,
        "netincomeloss": 138200000,
        "earningspersharebasic": 1.82,
        "earningspersharediluted": 1.81,
        "weightedaveragenumberofsharesoutstandingbasic": 75800000,
        "weightedaveragenumberofdilutedsharesoutstanding": 76100000,
        "othercomprehensiveincomelossamortizationadjustmentfromaocipensionandotherpostretirementbenefitplansfornetpriorservicecostcreditnetoftax": 600000,
        "othercomprehensiveincomelossforeigncurrencytransactionandtranslationadjustmentnetoftaxexcludingdivestitures": -81900000,
        "othercomprehensiveincomelossnetoftaxportionattributabletoparent": -81300000,
        "comprehensiveincomenetoftaxincludingportionattributabletononcontrollinginterest": 56800000,
        "comprehensiveincomenetoftaxattributabletononcontrollinginterest": -100000,
        "comprehensiveincomenetoftax": 56900000
    },
    {
        "date": "2022-03-30",
        "symbol": "IEX",
        "period": "Q1",
        "revenues": 751100000,
        "costofgoodsandservicessold": 408600000,
        "grossprofit": 342500000,
        "sellinggeneralandadministrativeexpense": 154300000,
        "restructuringcostsandassetimpairmentcharges": 600000,
        "operatingincomeloss": 187600000,
        "othernonoperatingincomeexpense": 2300000,
        "interestexpense": 9500000,
        "incomelossfromcontinuingoperationsbeforeincometaxesextraordinaryitemsnoncontrollinginterest": 180400000,
        "incometaxexpensebenefit": 40500000,
        "profitloss": 139900000,
        "netincomelossattributabletononcontrollinginterest": -100000,
        "netincomeloss": 140000000,
        "earningspersharebasic": 1.84,
        "earningspersharediluted": 1.83,
        "weightedaveragenumberofsharesoutstandingbasic": 76100000,
        "weightedaveragenumberofdilutedsharesoutstanding": 76400000,
        "othercomprehensiveincomelossamortizationadjustmentfromaocipensionandotherpostretirementbenefitplansfornetpriorservicecostcreditnetoftax": 600000,
        "othercomprehensiveincomelossforeigncurrencytransactionandtranslationadjustmentnetoftaxexcludingdivestitures": -19500000,
        "othercomprehensiveincomelossnetoftaxportionattributabletoparent": -18900000,
        "comprehensiveincomenetoftaxincludingportionattributabletononcontrollinginterest": 121000000,
        "comprehensiveincomenetoftax": 121000000
    },
    {
        "date": "2021-12-30",
        "symbol": "IEX",
        "period": "Q4",
        "revenues": -593000,
        "costofgoodsandservicessold": 400562000,
        "grossprofit": 314236000,
        "sellinggeneralandadministrativeexpense": 151492000,
        "restructuringcostsandassetimpairmentcharges": 732000,
        "operatingincomeloss": -20634000,
        "othernonoperatingincomeexpense": 16238000,
        "profitloss": -330665000,
        "netincomelossattributabletononcontrollinginterest": -20000,
        "netincomeloss": -1200000,
        "earningspersharebasic": 1.560000000000001,
        "earningspersharediluted": 1.5499999999999994,
        "weightedaveragenumberofsharesoutstandingbasic": 43000,
        "weightedaveragenumberofdilutedsharesoutstanding": -8000,
        "othercomprehensiveincomelossamortizationadjustmentfromaocipensionandotherpostretirementbenefitplansfornetpriorservicecostcreditnetoftax": 6205000,
        "comprehensiveincomenetoftaxincludingportionattributabletononcontrollinginterest": 106196000,
        "comprehensiveincomenetoftax": 106111000
    },
    {
        "date": "2021-09-29",
        "symbol": "IEX",
        "period": "Q3",
        "revenues": 712019000,
        "costofgoodsandservicessold": 400450000,
        "grossprofit": 311569000,
        "sellinggeneralandadministrativeexpense": 147180000,
        "restructuringcostsandassetimpairmentcharges": 3204000,
        "operatingincomeloss": 161185000,
        "othernonoperatingincomeexpense": -630000,
        "interestexpense": 9498000,
        "incometaxexpensebenefit": 35343000,
        "profitloss": 115714000,
        "netincomelossattributabletononcontrollinginterest": -28000,
        "netincomeloss": 115742000,
        "earningspersharebasic": 1.5299999999999998,
        "earningspersharediluted": 1.5100000000000002,
        "weightedaveragenumberofsharesoutstandingbasic": -75903000,
        "weightedaveragenumberofdilutedsharesoutstanding": -76362000,
        "othercomprehensiveincomelosscashflowhedgegainlossreclassificationaftertax": 0,
        "othercomprehensiveincomelossamortizationadjustmentfromaocipensionandotherpostretirementbenefitplansfornetpriorservicecostcreditnetoftax": 840000,
        "othercomprehensiveincomelossforeigncurrencytransactionandtranslationadjustmentnetoftaxexcludingdivestitures": -28703000,
        "othercomprehensiveincomelossnetoftaxportionattributabletoparent": -27863000,
        "comprehensiveincomenetoftaxincludingportionattributabletononcontrollinginterest": 87851000,
        "comprehensiveincomenetoftaxattributabletononcontrollinginterest": -30000,
        "comprehensiveincomenetoftax": 87881000
    },
    {
        "date": "2021-06-29",
        "symbol": "IEX",
        "period": "Q2",
        "revenues": 685947000,
        "costofgoodsandservicessold": 379875000,
        "grossprofit": 306072000,
        "sellinggeneralandadministrativeexpense": 144680000,
        "restructuringcostsandassetimpairmentcharges": 3136000,
        "operatingincomeloss": 158256000,
        "othernonoperatingincomeexpense": -17175000,
        "interestexpense": 11205000,
        "incomelossfromcontinuingoperationsbeforeincometaxesminorityinterestandincomelossfromequitymethodinvestments": 129876000,
        "incometaxexpensebenefit": 27697000,
        "profitloss": 102179000,
        "netincomelossattributabletononcontrollinginterest": -16000,
        "netincomeloss": 102195000,
        "earningspersharebasic": 1.34,
        "earningspersharediluted": 1.34,
        "weightedaveragenumberofsharesoutstandingbasic": 75968000,
        "weightedaveragenumberofdilutedsharesoutstanding": 76429000,
        "othercomprehensiveincomelosscashflowhedgegainlossreclassificationaftertax": -1867000,
        "othercomprehensiveincomelossamortizationadjustmentfromaocipensionandotherpostretirementbenefitplansfornetpriorservicecostcreditnetoftax": 9210000,
        "othercomprehensiveincomelossforeigncurrencytransactionandtranslationadjustmentnetoftaxexcludingdivestitures": 20255000,
        "othercomprehensiveincomelossnetoftaxportionattributabletoparent": 31332000,
        "comprehensiveincomenetoftaxincludingportionattributabletononcontrollinginterest": 133511000,
        "comprehensiveincomenetoftaxattributabletononcontrollinginterest": -21000,
        "comprehensiveincomenetoftax": 133532000
    },
    {
        "date": "2021-03-30",
        "symbol": "IEX",
        "period": "Q1",
        "revenues": 652036000,
        "costofgoodsandservicessold": 359413000,
        "grossprofit": 292623000,
        "sellinggeneralandadministrativeexpense": 134848000,
        "restructuringcostsandassetimpairmentcharges": 2228000,
        "operatingincomeloss": 155547000,
        "othernonoperatingincomeexpense": 848000,
        "interestexpense": 10776000,
        "incomelossfromcontinuingoperationsbeforeincometaxesminorityinterestandincomelossfromequitymethodinvestments": 145619000,
        "incometaxexpensebenefit": 32947000,
        "profitloss": 112672000,
        "netincomelossattributabletononcontrollinginterest": -36000,
        "netincomeloss": 112708000,
        "earningspersharebasic": 1.48,
        "earningspersharediluted": 1.48,
        "weightedaveragenumberofsharesoutstandingbasic": 75892000,
        "weightedaveragenumberofdilutedsharesoutstanding": 76341000,
        "othercomprehensiveincomelosscashflowhedgegainlossreclassificationaftertax": -664000,
        "othercomprehensiveincomelossamortizationadjustmentfromaocipensionandotherpostretirementbenefitplansfornetpriorservicecostcreditnetoftax": 745000,
        "othercomprehensiveincomelossforeigncurrencytransactionandtranslationadjustmentnetoftaxexcludingdivestitures": -48439000,
        "othercomprehensiveincomelossnetoftaxportionattributabletoparent": -47030000,
        "comprehensiveincomenetoftaxincludingportionattributabletononcontrollinginterest": 65642000,
        "comprehensiveincomenetoftaxattributabletononcontrollinginterest": -34000,
        "comprehensiveincomenetoftax": 65676000
    },
    {
        "date": "2020-12-30",
        "symbol": "IEX",
        "period": "Q4",
        "revenues": 614822000,
        "costofgoodsandservicessold": 345654000,
        "grossprofit": 269168000,
        "sellinggeneralandadministrativeexpense": 125185000,
        "operatingincomeloss": 138965000,
        "othernonoperatingincomeexpense": 1694000,
        "interestexpense": 10788000,
        "incomelossfromcontinuingoperationsbeforeincometaxesminorityinterestandincomelossfromequitymethodinvestments": 129871000,
        "incometaxexpensebenefit": 28803000,
        "netincomeloss": 101068000,
        "earningspersharebasic": 1.3100000000000005,
        "earningspersharediluted": 1.31,
        "weightedaveragenumberofsharesoutstandingbasic": -150522000,
        "weightedaveragenumberofdilutedsharesoutstanding": -151949000,
        "othercomprehensiveincomelossamortizationadjustmentfromaocipensionandotherpostretirementbenefitplansfornetpriorservicecostcreditnetoftax": -571000,
        "comprehensiveincomenetoftax": 168792000
    },
    {
        "date": "2020-09-29",
        "symbol": "IEX",
        "period": "Q3",
        "revenues": 581113000,
        "costofgoodsandservicessold": 329613000,
        "grossprofit": 251500000,
        "sellinggeneralandadministrativeexpense": 117370000,
        "restructuringcharges": 2917000,
        "operatingincomeloss": 131213000,
        "othernonoperatingincomeexpense": 704000,
        "interestexpense": 10642000,
        "incomelossfromcontinuingoperationsbeforeincometaxesminorityinterestandincomelossfromequitymethodinvestments": 121275000,
        "incometaxexpensebenefit": 17427000,
        "netincomeloss": 103848000,
        "earningspersharebasic": 1.38,
        "earningspersharediluted": 1.37,
        "weightedaveragenumberofsharesoutstandingbasic": 75352000,
        "weightedaveragenumberofdilutedsharesoutstanding": 75960000,
        "othercomprehensiveincomelosscashflowhedgegainlossreclassificationaftertax": -672000,
        "othercomprehensiveincomelossamortizationadjustmentfromaocipensionandotherpostretirementbenefitplansfornetpriorservicecostcreditnetoftax": 291000,
        "othercomprehensiveincomelossforeigncurrencytransactionandtranslationadjustmentnetoftaxexcludingdivestitures": 47343000,
        "othercomprehensiveincomelossnetoftaxportionattributabletoparent": 48306000,
        "comprehensiveincomenetoftax": 152154000
    },
    {
        "date": "2020-06-29",
        "symbol": "IEX",
        "period": "Q2",
        "revenues": 561249000,
        "costofgoodsandservicessold": 326449000,
        "grossprofit": 234800000,
        "sellinggeneralandadministrativeexpense": 120365000,
        "restructuringcharges": 3841000,
        "operatingincomeloss": 110594000,
        "othernonoperatingincomeexpense": -6460000,
        "interestexpense": 12439000,
        "incomelossfromcontinuingoperationsbeforeincometaxesminorityinterestandincomelossfromequitymethodinvestments": 91695000,
        "incometaxexpensebenefit": 20831000,
        "netincomeloss": 70864000,
        "earningspersharebasic": 0.94,
        "earningspersharediluted": 0.93,
        "weightedaveragenumberofsharesoutstandingbasic": 75171000,
        "weightedaveragenumberofdilutedsharesoutstanding": 75937000,
        "othercomprehensiveincomelossderivativesqualifyingashedgesnetoftax": 2116000,
        "othercomprehensiveincomelossamortizationadjustmentfromaocipensionandotherpostretirementbenefitplansfornetpriorservicecostcreditnetoftax": -631000,
        "othercomprehensiveincomelossforeigncurrencytransactionandtranslationadjustmentnetoftaxexcludingdivestitures": 19271000,
        "othercomprehensiveincomelossnetoftaxportionattributabletoparent": 20756000,
        "comprehensiveincomenetoftax": 91620000
    },
    {
        "date": "2020-03-30",
        "symbol": "IEX",
        "period": "Q1",
        "netincomeloss": 101998000,
        "othercomprehensiveincomelossderivativesqualifyingashedgesnetoftax": 1194000,
        "othercomprehensiveincomelossamortizationadjustmentfromaocipensionandotherpostretirementbenefitplansfornetpriorservicecostcreditnetoftax": 2296000,
        "othercomprehensiveincomelossforeigncurrencytransactionandtranslationadjustmentnetoftaxexcludingdivestitures": -26456000,
        "othercomprehensiveincomelossnetoftaxportionattributabletoparent": -22966000,
        "comprehensiveincomenetoftax": 79032000,
        "revenues": 594462000,
        "costofgoodsandservicessold": 322506000,
        "grossprofit": 271956000,
        "sellinggeneralandadministrativeexpense": 132015000,
        "operatingincomeloss": 139941000,
        "othernonoperatingincomeexpense": -1565000,
        "interestexpense": 10877000,
        "incomelossfromcontinuingoperationsbeforeincometaxesminorityinterestandincomelossfromequitymethodinvestments": 127499000,
        "incometaxexpensebenefit": 25501000,
        "earningspersharebasic": 1.35,
        "earningspersharediluted": 1.33,
        "weightedaveragenumberofsharesoutstandingbasic": 75740000,
        "weightedaveragenumberofdilutedsharesoutstanding": 76452000
    },
    {
        "date": "2019-12-30",
        "symbol": "IEX",
        "period": "Q4",
        "netincomeloss": 96850000,
        "othercomprehensiveincomelossderivativesqualifyingashedgesnetoftax": 1221000,
        "othercomprehensiveincomelossamortizationadjustmentfromaocipensionandotherpostretirementbenefitplansfornetpriorservicecostcreditnetoftax": -7250000,
        "comprehensiveincomenetoftax": 129366000,
        "revenues": 1003540000,
        "costofgoodsandservicessold": 339112000,
        "grossprofit": 266885000,
        "sellinggeneralandadministrativeexpense": 125750000,
        "operatingincomeloss": 227801000,
        "othernonoperatingincomeexpense": 782000,
        "interestexpense": 20412000,
        "incomelossfromcontinuingoperationsbeforeincometaxesminorityinterestandincomelossfromequitymethodinvestments": 260625000,
        "incometaxexpensebenefit": 52280000,
        "earningspersharebasic": 1.2700000000000005,
        "earningspersharediluted": 1.2699999999999996,
        "weightedaveragenumberofsharesoutstandingbasic": -151006000,
        "weightedaveragenumberofdilutedsharesoutstanding": -152794000
    },
    {
        "date": "2019-09-29",
        "symbol": "IEX",
        "period": "Q3",
        "netincomeloss": 105194000,
        "othercomprehensiveincomelossderivativesqualifyingashedgesnetoftax": 1210000,
        "othercomprehensiveincomelossamortizationadjustmentfromaocipensionandotherpostretirementbenefitplansfornetpriorservicecostcreditnetoftax": 1663000,
        "othercomprehensiveincomelossforeigncurrencytransactionandtranslationadjustmentnetoftaxexcludingdivestitures": -37825000,
        "othercomprehensiveincomelossnetoftaxportionattributabletoparent": -34952000,
        "comprehensiveincomenetoftax": 70242000,
        "revenues": 624246000,
        "costofgoodsandservicessold": 342268000,
        "grossprofit": 281978000,
        "sellinggeneralandadministrativeexpense": 128257000,
        "restructuringcosts": 11956000,
        "operatingincomeloss": 141765000,
        "othernonoperatingincomeexpense": -1219000,
        "interestexpense": 11330000,
        "incomelossfromcontinuingoperationsbeforeincometaxesminorityinterestandincomelossfromequitymethodinvestments": 129216000,
        "incometaxexpensebenefit": 24022000,
        "earningspersharebasic": 1.39,
        "earningspersharediluted": 1.37,
        "weightedaveragenumberofsharesoutstandingbasic": 75698000,
        "weightedaveragenumberofdilutedsharesoutstanding": 76577000
    },
    {
        "date": "2019-06-29",
        "symbol": "IEX",
        "period": "Q2",
        "netincomeloss": 113209000,
        "othercomprehensiveincomelossderivativesqualifyingashedgesnetoftax": 1224000,
        "othercomprehensiveincomelossamortizationadjustmentfromaocipensionandotherpostretirementbenefitplansfornetpriorservicecostcreditnetoftax": 1256000,
        "othercomprehensiveincomelossforeigncurrencytransactionandtranslationadjustmentnetoftaxexcludingdivestitures": 2628000,
        "othercomprehensiveincomelossnetoftaxportionattributabletoparent": 5108000,
        "comprehensiveincomenetoftax": 118317000,
        "revenues": 642099000,
        "costofgoodsandservicessold": 349762000,
        "grossprofit": 292337000,
        "sellinggeneralandadministrativeexpense": 134928000,
        "restructuringcharges": 2126000,
        "operatingincomeloss": 155283000,
        "othernonoperatingincomeexpense": 378000,
        "interestexpense": 11011000,
        "incomelossfromcontinuingoperationsbeforeincometaxesminorityinterestandincomelossfromequitymethodinvestments": 144650000,
        "incometaxexpensebenefit": 31441000,
        "earningspersharebasic": 1.5,
        "earningspersharediluted": 1.48,
        "weightedaveragenumberofsharesoutstandingbasic": 75460000,
        "weightedaveragenumberofdilutedsharesoutstanding": 76387000
    },
    {
        "date": "2019-03-30",
        "symbol": "IEX",
        "period": "Q1",
        "netincomeloss": 110268000,
        "othercomprehensiveincomelossderivativesqualifyingashedgesnetoftax": 1227000,
        "othercomprehensiveincomelossamortizationadjustmentfromaocipensionandotherpostretirementbenefitplansfornetpriorservicecostcreditnetoftax": 1262000,
        "othercomprehensiveincomelossforeigncurrencytransactionandtranslationadjustmentnetoftaxexcludingdivestitures": -3281000,
        "othercomprehensiveincomelossnetoftaxportionattributabletoparent": -3281000,
        "comprehensiveincomenetoftax": 109476000,
        "revenues": 224688000,
        "costofgoodsandservicessold": 338397000,
        "grossprofit": 283834000,
        "sellinggeneralandadministrativeexpense": 136052000,
        "operatingincomeloss": 54154000,
        "othernonoperatingincomeexpense": -1700000,
        "interestexpense": 1588000,
        "incomelossfromcontinuingoperationsbeforeincometaxesminorityinterestandincomelossfromequitymethodinvestments": -1588000,
        "incometaxexpensebenefit": -361000,
        "earningspersharebasic": 1.46,
        "earningspersharediluted": 1.44,
        "weightedaveragenumberofsharesoutstandingbasic": 75442000,
        "weightedaveragenumberofdilutedsharesoutstanding": 76284000
    },
    {
        "date": "2018-12-30",
        "symbol": "IEX",
        "period": "Q4",
        "netincomeloss": 314181000,
        "othercomprehensiveincomelossderivativesqualifyingashedgesnetoftax": 1242000,
        "comprehensiveincomenetoftax": 83014000,
        "revenues": 225734000,
        "costofgoodsandservicessold": 340451000,
        "grossprofit": 273643000,
        "sellinggeneralandadministrativeexpense": 130370000,
        "restructuringcharges": 5403000,
        "operatingincomeloss": 52160000,
        "othernonoperatingincomeexpense": 5704000,
        "interestexpense": 1606000,
        "incomelossfromcontinuingoperationsbeforeincometaxesminorityinterestandincomelossfromequitymethodinvestments": -1365000,
        "incometaxexpensebenefit": -186000,
        "earningspersharebasic": 1.2800000000000007,
        "earningspersharediluted": 1.27,
        "weightedaveragenumberofsharesoutstandingbasic": -153108000,
        "weightedaveragenumberofdilutedsharesoutstanding": -155589000
    },
    {
        "date": "2018-09-29",
        "symbol": "IEX",
        "period": "Q3",
        "netincomeloss": -1270000,
        "othercomprehensiveincomelossderivativesqualifyingashedgesnetoftax": 1244000,
        "othercomprehensiveincomelossamortizationadjustmentfromaocipensionandotherpostretirementbenefitplansfornetpriorservicecostcreditnetoftax": 1270000,
        "othercomprehensiveincomelossforeigncurrencytransactionandtranslationadjustmentnetoftaxexcludingdivestitures": 9164000,
        "othercomprehensiveincomelossnetoftaxportionattributabletoparent": 9164000,
        "comprehensiveincomenetoftax": 118030000,
        "revenues": 222351000,
        "costofgoodsandservicessold": 342655000,
        "grossprofit": 280233000,
        "sellinggeneralandadministrativeexpense": 130479000,
        "restructuringcharges": 183000,
        "operatingincomeloss": 49144000,
        "othernonoperatingincomeexpense": -1725000,
        "interestexpense": 1610000,
        "incomelossfromcontinuingoperationsbeforeincometaxesminorityinterestandincomelossfromequitymethodinvestments": -1725000,
        "incometaxexpensebenefit": -455000,
        "earningspersharebasic": 1.39,
        "earningspersharediluted": 1.37,
        "weightedaveragenumberofsharesoutstandingbasic": 76562000,
        "weightedaveragenumberofdilutedsharesoutstanding": 77709000
    },
    {
        "date": "2018-06-29",
        "symbol": "IEX",
        "period": "Q2",
        "netincomeloss": -1296000,
        "othercomprehensiveincomelossderivativesqualifyingashedgesnetoftax": 1259000,
        "othercomprehensiveincomelossamortizationadjustmentfromaocipensionandotherpostretirementbenefitplansfornetpriorservicecostcreditnetoftax": 1296000,
        "othercomprehensiveincomelossforeigncurrencytransactionandtranslationadjustmentnetoftaxexcludingdivestitures": -62645000,
        "othercomprehensiveincomelossnetoftaxportionattributabletoparent": -62645000,
        "comprehensiveincomenetoftax": 47036000,
        "revenues": 227367000,
        "costofgoodsandservicessold": 346993000,
        "grossprofit": 287367000,
        "sellinggeneralandadministrativeexpense": 137548000,
        "restructuringcharges": 226000,
        "operatingincomeloss": 52569000,
        "othernonoperatingincomeexpense": -1753000,
        "interestexpense": 1627000,
        "incomelossfromcontinuingoperationsbeforeincometaxesminorityinterestandincomelossfromequitymethodinvestments": -1753000,
        "incometaxexpensebenefit": -457000,
        "earningspersharebasic": 1.4,
        "earningspersharediluted": 1.38,
        "weightedaveragenumberofsharesoutstandingbasic": 76539000,
        "weightedaveragenumberofdilutedsharesoutstanding": 77704000
    },
    {
        "date": "2018-03-30",
        "symbol": "IEX",
        "period": "Q1",
        "netincomeloss": 98958000,
        "othercomprehensiveincomelossderivativesqualifyingashedgesnetoftax": 1261000,
        "othercomprehensiveincomelossamortizationadjustmentfromaocipensionandotherpostretirementbenefitplansfornetpriorservicecostcreditnetoftax": 1413000,
        "othercomprehensiveincomelossforeigncurrencytransactionandtranslationadjustmentnetoftaxexcludingdivestitures": 27578000,
        "othercomprehensiveincomelossnetoftaxportionattributabletoparent": 27578000,
        "comprehensiveincomenetoftax": 129210000,
        "revenues": 220967000,
        "costofgoodsandservicessold": 335672000,
        "grossprofit": 276652000,
        "sellinggeneralandadministrativeexpense": 138327000,
        "restructuringcharges": 92000,
        "operatingincomeloss": 51806000,
        "othernonoperatingincomeexpense": -1918000,
        "interestexpense": 1632000,
        "incomelossfromcontinuingoperationsbeforeincometaxesminorityinterestandincomelossfromequitymethodinvestments": -1632000,
        "incometaxexpensebenefit": -371000,
        "earningspersharebasic": 1.29,
        "earningspersharediluted": 1.27,
        "weightedaveragenumberofsharesoutstandingbasic": 76419000,
        "weightedaveragenumberofdilutedsharesoutstanding": 77739000
    },
    {
        "date": "2017-09-29",
        "symbol": "IEX",
        "period": "Q3",
        "netincomeloss": 83768000,
        "othercomprehensiveincomelossderivativesqualifyingashedgesnetoftax": 1054000,
        "othercomprehensiveincomelossamortizationadjustmentfromaocipensionandotherpostretirementbenefitplansfornetpriorservicecostcreditnetoftax": 1468000,
        "othercomprehensiveincomelossforeigncurrencytransactionandtranslationadjustmentnetoftaxexcludingdivestitures": 28796000,
        "comprehensiveincomenetoftax": 115086000,
        "revenues": 207018000,
        "costofgoodsandservicessold": 316560000,
        "grossprofit": 257930000,
        "sellinggeneralandadministrativeexpense": 397241000,
        "operatingincomeloss": 46073000,
        "othernonoperatingincomeexpense": 2564000,
        "interestexpense": 8327000,
        "incomelossfromcontinuingoperationsbeforeincometaxesminorityinterestandincomelossfromequitymethodinvestments": -222888000,
        "incometaxexpensebenefit": -3063000,
        "earningspersharebasic": 1.0999999999999999,
        "earningspersharediluted": 1.0800000000000003,
        "weightedaveragenumberofsharesoutstandingbasic": 48000,
        "weightedaveragenumberofdilutedsharesoutstanding": 139000
    },
    {
        "date": "2017-06-29",
        "symbol": "IEX",
        "period": "Q2",
        "netincomeloss": 83844000,
        "othercomprehensiveincomelossderivativesqualifyingashedgesnetoftax": 1063000,
        "othercomprehensiveincomelossamortizationadjustmentfromaocipensionandotherpostretirementbenefitplansfornetpriorservicecostcreditnetoftax": 1280000,
        "othercomprehensiveincomelossforeigncurrencytransactionandtranslationadjustmentnetoftaxexcludingdivestitures": 47314000,
        "othercomprehensiveincomelossnetoftax": 49657000,
        "comprehensiveincomenetoftax": 133501000,
        "revenues": 204297000,
        "costofgoodsandservicessold": 316441000,
        "grossprofit": 256925000,
        "sellinggeneralandadministrativeexpense": -1874000,
        "restructuringcharges": 0,
        "operatingincomeloss": 46294000,
        "othernonoperatingincomeexpense": -372000,
        "interestexpense": -1646000,
        "incomelossfromcontinuingoperationsbeforeincometaxesminorityinterestandincomelossfromequitymethodinvestments": 113457000,
        "incometaxexpensebenefit": 583000,
        "earningspersharebasic": 1.0999999999999999,
        "earningspersharediluted": 1.0799999999999998,
        "weightedaveragenumberofsharesoutstandingbasic": 52000,
        "weightedaveragenumberofdilutedsharesoutstanding": 213000
    },
    {
        "date": "2017-03-30",
        "symbol": "IEX",
        "period": "Q1",
        "netincomeloss": 75899000,
        "othercomprehensiveincomelossderivativesqualifyingashedgesnetoftax": 1042000,
        "othercomprehensiveincomelossamortizationadjustmentfromaocipensionandotherpostretirementbenefitplansfornetpriorservicecostcreditnetoftax": 1124000,
        "othercomprehensiveincomelossforeigncurrencytransactionandtranslationadjustmentnetoftaxexcludingdivestitures": 21050000,
        "othercomprehensiveincomelossnetoftax": 23216000,
        "comprehensiveincomenetoftax": 99115000,
        "revenues": 199575000,
        "costofgoodsandservicessold": 302611000,
        "grossprofit": 250941000,
        "sellinggeneralandadministrativeexpense": -1676000,
        "restructuringcharges": 3028000,
        "operatingincomeloss": 42238000,
        "othernonoperatingincomeexpense": 308000,
        "interestexpense": -1677000,
        "incomelossfromcontinuingoperationsbeforeincometaxesminorityinterestandincomelossfromequitymethodinvestments": 104427000,
        "incometaxexpensebenefit": 635000,
        "earningspersharebasic": 0.99,
        "earningspersharediluted": 0.99,
        "weightedaveragenumberofsharesoutstandingbasic": 76115000,
        "weightedaveragenumberofdilutedsharesoutstanding": 76894000
    },
    {
        "date": "2016-09-29",
        "symbol": "IEX",
        "period": "Q3",
        "netincomeloss": 69873000,
        "othercomprehensiveincomelossderivativesqualifyingashedgesnetoftax": 1082000,
        "othercomprehensiveincomelossamortizationadjustmentfromaocipensionandotherpostretirementbenefitplansfornetpriorservicecostcreditnetoftax": 594000,
        "othercomprehensiveincomelossforeigncurrencytransactionandtranslationadjustmentnetoftaxexcludingdivestitures": 353000,
        "othercomprehensiveincomelossforeigncurrencytransactionandtranslationreclassificationadjustmentfromaocirealizeduponsaleorliquidationnetoftax": -4258000,
        "othercomprehensiveincomelossnetoftax": 6287000,
        "comprehensiveincomenetoftax": 76160000,
        "salesrevenuenet": 183453000,
        "costofgoodsandservicessold": 299467000,
        "grossprofit": 230889000,
        "sellinggeneralandadministrativeexpense": -915000,
        "disposalgroupnotdiscontinuedoperationgainlossondisposal": -2067000,
        "operatingincomeloss": 37204000,
        "othernonoperatingincomeexpense": 2364000,
        "interestexpense": -1701000,
        "incomelossfromcontinuingoperationsbeforeincometaxesminorityinterestandincomelossfromequitymethodinvestments": 99308000,
        "incometaxexpensebenefit": 619000,
        "earningspersharebasic": 0.92,
        "earningspersharediluted": 0.91,
        "weightedaveragenumberofsharesoutstandingbasic": 75819000,
        "weightedaveragenumberofdilutedsharesoutstanding": 76880000
    },
    {
        "date": "2016-06-29",
        "symbol": "IEX",
        "period": "Q2",
        "netincomeloss": 75759000,
        "othercomprehensiveincomelossderivativesqualifyingashedgesnetoftax": 1093000,
        "othercomprehensiveincomelossamortizationadjustmentfromaocipensionandotherpostretirementbenefitplansfornetpriorservicecostcreditnetoftax": 591000,
        "othercomprehensiveincomelossforeigncurrencytransactionandtranslationadjustmentnetoftaxexcludingdivestitures": -27043000,
        "othercomprehensiveincomelossnetoftax": 1093000,
        "comprehensiveincomenetoftax": 50400000,
        "salesrevenuenet": -293000,
        "costofgoodsandservicessold": 305638000,
        "grossprofit": 244058000,
        "sellinggeneralandadministrativeexpense": -912000,
        "operatingincomeloss": 41125000,
        "othernonoperatingincomeexpense": 1874000,
        "interestexpense": -1719000,
        "incomelossfromcontinuingoperationsbeforeincometaxesminorityinterestandincomelossfromequitymethodinvestments": 103645000,
        "incometaxexpensebenefit": 626000,
        "earningspersharebasic": 1,
        "earningspersharediluted": 0.99,
        "weightedaveragenumberofsharesoutstandingbasic": 75690000,
        "weightedaveragenumberofdilutedsharesoutstanding": 76674000
    },
    {
        "date": "2016-03-30",
        "symbol": "IEX",
        "period": "Q1",
        "netincomeloss": 68130000,
        "othercomprehensiveincomelossderivativesqualifyingashedgesnetoftax": 1097000,
        "othercomprehensiveincomelossamortizationadjustmentfromaocipensionandotherpostretirementbenefitplansfornetpriorservicecostcreditnetoftax": 671000,
        "othercomprehensiveincomelossforeigncurrencytransactionandtranslationadjustmentnetoftaxexcludingdivestitures": 16217000,
        "othercomprehensiveincomelossnetoftax": 17985000,
        "comprehensiveincomenetoftax": 86115000,
        "salesrevenuenet": -232000,
        "costofgoodsandservicessold": 279237000,
        "grossprofit": 223335000,
        "sellinggeneralandadministrativeexpense": 993000,
        "operatingincomeloss": 40699000,
        "othernonoperatingincomeexpense": 744000,
        "interestexpense": 1724000,
        "incomelossfromcontinuingoperationsbeforeincometaxesminorityinterestandincomelossfromequitymethodinvestments": 92812000,
        "incometaxexpensebenefit": 627000,
        "earningspersharebasic": 0.9,
        "earningspersharediluted": 0.89,
        "weightedaveragenumberofsharesoutstandingbasic": 75749000,
        "weightedaveragenumberofdilutedsharesoutstanding": 76699000
    },
    {
        "date": "2015-09-29",
        "symbol": "IEX",
        "period": "Q3",
        "netincomeloss": 79505000,
        "othercomprehensiveincomelossderivativesqualifyingashedgesnetoftax": 1114000,
        "othercomprehensiveincomelossamortizationadjustmentfromaocipensionandotherpostretirementbenefitplansfornetpriorservicecostcreditnetoftax": 818000,
        "othercomprehensiveincomelossforeigncurrencytransactionandtranslationadjustmentnetoftaxexcludingdivestitures": -16936000,
        "othercomprehensiveincomelossforeigncurrencytransactionandtranslationreclassificationadjustmentfromaocirealizeduponsaleorliquidationnetoftax": 4725000,
        "othercomprehensiveincomelossnetoftax": -19729000,
        "comprehensiveincomenetoftax": 59776000,
        "salesrevenuenet": -212000,
        "costofgoodsandservicessold": 280531000,
        "grossprofit": 223260000,
        "sellinggeneralandadministrativeexpense": 1215000,
        "gainlossonsaleofbusiness": 18070000,
        "restructuringcharges": 4723000,
        "operatingincomeloss": 38371000,
        "othernonoperatingincomeexpense": 693000,
        "interestexpense": 1748000,
        "incomelossfromcontinuingoperationsbeforeincometaxesminorityinterestandincomelossfromequitymethodinvestments": 112277000,
        "incometaxexpensebenefit": 634000,
        "earningspersharebasic": 1.03,
        "earningspersharediluted": 1.02,
        "weightedaveragenumberofsharesoutstandingbasic": 76831000,
        "weightedaveragenumberofdilutedsharesoutstanding": 77646000
    },
    {
        "date": "2015-06-29",
        "symbol": "IEX",
        "period": "Q2",
        "netincomeloss": 69585000,
        "othercomprehensiveincomelossderivativesqualifyingashedgesnetoftax": 1126000,
        "othercomprehensiveincomelossamortizationadjustmentfromaocipensionandotherpostretirementbenefitplansfornetpriorservicecostcreditnetoftax": 820000,
        "othercomprehensiveincomelossforeigncurrencytransactionandtranslationadjustmentnetoftax": 23743000,
        "othercomprehensiveincomelossnetoftax": 25689000,
        "comprehensiveincomenetoftax": 95274000,
        "salesrevenuenet": -758000,
        "costofgoodsandservicessold": 283266000,
        "grossprofit": 231615000,
        "sellinggeneralandadministrativeexpense": 1215000,
        "operatingincomeloss": 42060000,
        "othernonoperatingincomeexpense": -827000,
        "interestexpense": 1767000,
        "incomelossfromcontinuingoperationsbeforeincometaxesminorityinterestandincomelossfromequitymethodinvestments": 98498000,
        "incometaxexpensebenefit": 641000,
        "earningspersharebasic": 0.89,
        "earningspersharediluted": 0.89,
        "weightedaveragenumberofsharesoutstandingbasic": 77466000,
        "weightedaveragenumberofdilutedsharesoutstanding": 78297000
    },
    {
        "date": "2015-03-30",
        "symbol": "IEX",
        "period": "Q1",
        "netincomeloss": 65954000,
        "othercomprehensiveincomelossderivativesqualifyingashedgesnetoftax": 1130000,
        "othercomprehensiveincomelossamortizationadjustmentfromaocipensionandotherpostretirementbenefitplansfornetpriorservicecostcreditnetoftax": 780000,
        "othercomprehensiveincomelossforeigncurrencytransactionandtranslationadjustmentnetoftax": -56637000,
        "othercomprehensiveincomelossnetoftax": -54727000,
        "comprehensiveincomenetoftax": 11227000,
        "salesrevenuenet": -1792000,
        "costofgoodsandservicessold": 276157000,
        "grossprofit": 226041000,
        "sellinggeneralandadministrativeexpense": 1175000,
        "operatingincomeloss": 37457000,
        "othernonoperatingincomeexpense": 1723000,
        "interestexpense": 1772000,
        "incomelossfromcontinuingoperationsbeforeincometaxesminorityinterestandincomelossfromequitymethodinvestments": 92883000,
        "incometaxexpensebenefit": 642000,
        "earningspersharebasic": 0.84,
        "earningspersharediluted": 0.84,
        "weightedaveragenumberofsharesoutstandingbasic": 77996000,
        "weightedaveragenumberofdilutedsharesoutstanding": 78856000
    },
    {
        "date": "2014-12-30",
        "symbol": "IEX",
        "period": "Q4",
        "netincomeloss": 61620000,
        "othercomprehensiveincomelossderivativesqualifyingashedgesnetoftax": 1057000,
        "othercomprehensiveincomelossforeigncurrencytransactionandtranslationadjustmentnetoftax": -35494000,
        "comprehensiveincomenetoftax": 8154000,
        "salesrevenuenet": -1062000,
        "costofgoodsandservicessold": 294782000,
        "grossprofit": 229117000,
        "sellinggeneralandadministrativeexpense": -291000,
        "operatingincomeloss": 146521000,
        "othernonoperatingincomeexpense": 1460000,
        "interestexpense": 1791000,
        "incomelossfromcontinuingoperationsbeforeincometaxesminorityinterestandincomelossfromequitymethodinvestments": 85342000,
        "incometaxexpensebenefit": 1456000,
        "earningspersharebasic": 0.7799999999999997,
        "earningspersharediluted": 0.7800000000000004,
        "weightedaveragenumberofsharesoutstandingbasic": -160476000,
        "weightedaveragenumberofdilutedsharesoutstanding": -162557000
    },
    {
        "date": "2014-09-29",
        "symbol": "IEX",
        "period": "Q3",
        "netincomeloss": 71441000,
        "othercomprehensiveincomelossderivativesqualifyingashedgesnetoftax": 1141000,
        "othercomprehensiveincomelossamortizationadjustmentfromaocipensionandotherpostretirementbenefitplansfornetpriorservicecostcreditnetoftax": 1614000,
        "othercomprehensiveincomelossforeigncurrencytransactionandtranslationadjustmentnetoftax": -55688000,
        "othercomprehensiveincomelossnetoftax": -52933000,
        "comprehensiveincomenetoftax": 18508000,
        "salesrevenuenet": -1244000,
        "costofgoodsandservicessold": 298533000,
        "grossprofit": 234646000,
        "sellinggeneralandadministrativeexpense": 1927000,
        "operatingincomeloss": -17513000,
        "othernonoperatingincomeexpense": 944000,
        "interestexpense": 1795000,
        "incomelossfromcontinuingoperationsbeforeincometaxesminorityinterestandincomelossfromequitymethodinvestments": 101330000,
        "incometaxexpensebenefit": 313000,
        "earningspersharebasic": 0.89,
        "earningspersharediluted": 0.88,
        "weightedaveragenumberofsharesoutstandingbasic": 79558000,
        "weightedaveragenumberofdilutedsharesoutstanding": 80561000
    },
    {
        "date": "2014-06-29",
        "symbol": "IEX",
        "period": "Q2",
        "netincomeloss": 71777000,
        "othercomprehensiveincomelossderivativesqualifyingashedgesnetoftax": 1155000,
        "othercomprehensiveincomelossamortizationadjustmentfromaocipensionandotherpostretirementbenefitplansfornetpriorservicecostcreditnetoftax": 517000,
        "othercomprehensiveincomelossforeigncurrencytransactionandtranslationadjustmentnetoftax": 13874000,
        "othercomprehensiveincomelossnetoftax": 15546000,
        "comprehensiveincomenetoftax": 87323000,
        "salesrevenuenet": -1261000,
        "costofgoodsandservicessold": 305561000,
        "grossprofit": 241132000,
        "sellinggeneralandadministrativeexpense": 798000,
        "operatingincomeloss": -15657000,
        "othernonoperatingincomeexpense": -137000,
        "interestexpense": 1817000,
        "incomelossfromcontinuingoperationsbeforeincometaxesminorityinterestandincomelossfromequitymethodinvestments": 101546000,
        "incometaxexpensebenefit": 281000,
        "earningspersharebasic": 0.89,
        "earningspersharediluted": 0.88,
        "weightedaveragenumberofsharesoutstandingbasic": 80106000,
        "weightedaveragenumberofdilutedsharesoutstanding": 81149000
    },
    {
        "date": "2014-03-30",
        "symbol": "IEX",
        "period": "Q1",
        "netincomeloss": 74548000,
        "othercomprehensiveincomelossderivativesqualifyingashedgesnetoftax": 1157000,
        "othercomprehensiveincomelossamortizationadjustmentfromaocipensionandotherpostretirementbenefitplansfornetpriorservicecostcreditnetoftax": 439000,
        "othercomprehensiveincomelossforeigncurrencytransactionandtranslationadjustmentnetoftax": 284000,
        "othercomprehensiveincomelossnetoftax": 1880000,
        "comprehensiveincomenetoftax": 76428000,
        "salesrevenuenet": -3024000,
        "costofgoodsandservicessold": 299576000,
        "grossprofit": 244420000,
        "sellinggeneralandadministrativeexpense": 679000,
        "operatingincomeloss": 39648000,
        "othernonoperatingincomeexpense": 844000,
        "interestexpense": 1820000,
        "incomelossfromcontinuingoperationsbeforeincometaxesminorityinterestandincomelossfromequitymethodinvestments": 104222000,
        "incometaxexpensebenefit": 663000,
        "earningspersharebasic": 0.92,
        "earningspersharediluted": 0.91,
        "weightedaveragenumberofsharesoutstandingbasic": 80527000,
        "weightedaveragenumberofdilutedsharesoutstanding": 81575000
    },
    {
        "date": "2013-09-29",
        "symbol": "IEX",
        "period": "Q3",
        "netincomeloss": 63799000,
        "othercomprehensiveincomelossderivativesqualifyingashedgesnetoftax": 1174000,
        "othercomprehensiveincomelossamortizationadjustmentfromaocipensionandotherpostretirementbenefitplansfornetpriorservicecostcreditnetoftax": 696000,
        "othercomprehensiveincomelossforeigncurrencytransactionandtranslationadjustmentnetoftax": 28835000,
        "othercomprehensiveincomelossnetoftax": 30705000,
        "comprehensiveincomenetoftax": 94504000,
        "salesrevenuenet": 212337000,
        "costofgoodsandservicessold": 279108000,
        "grossprofit": 211509000,
        "sellinggeneralandadministrativeexpense": 114140000,
        "operatingincomeloss": 36775000,
        "othernonoperatingincomeexpense": -188000,
        "interestexpense": 10570000,
        "incomelossfromcontinuingoperationsbeforeincometaxesminorityinterestandincomelossfromequitymethodinvestments": 86611000,
        "incometaxexpensebenefit": 22812000,
        "earningspersharebasic": 0.78,
        "earningspersharediluted": 0.78,
        "weightedaveragenumberofsharesoutstandingbasic": 81259000,
        "weightedaveragenumberofdilutedsharesoutstanding": 82218000
    },
    {
        "date": "2013-06-29",
        "symbol": "IEX",
        "period": "Q2",
        "salesrevenuenet": -2146000,
        "costofgoodsandservicessold": 295596000,
        "grossprofit": 222849000,
        "sellinggeneralandadministrativeexpense": 123290000,
        "operatingincomeloss": 23676000,
        "othernonoperatingincomeexpense": -573000,
        "interestexpense": 10597000,
        "incomelossfromcontinuingoperationsbeforeincometaxesminorityinterestandincomelossfromequitymethodinvestments": 88389000,
        "incometaxexpensebenefit": 25828000,
        "netincomeloss": 62561000,
        "earningspersharebasic": 0.76,
        "earningspersharediluted": 0.76,
        "weightedaveragenumberofsharesoutstandingbasic": 81829000,
        "weightedaveragenumberofdilutedsharesoutstanding": 82734000,
        "othercomprehensiveincomelossderivativesqualifyingashedgesnetoftax": 1187000,
        "othercomprehensiveincomelossamortizationadjustmentfromaocipensionandotherpostretirementbenefitplansfornetpriorservicecostcreditnetoftax": 938000,
        "othercomprehensiveincomelossforeigncurrencytransactionandtranslationadjustmentnetoftax": 4144000,
        "othercomprehensiveincomelossnetoftax": 6269000,
        "comprehensiveincomenetoftax": 68830000
    },
    {
        "date": "2013-03-30",
        "symbol": "IEX",
        "period": "Q1",
        "salesrevenuenet": 211755000,
        "costofgoodsandservicessold": 282451000,
        "grossprofit": 211997000,
        "sellinggeneralandadministrativeexpense": 117285000,
        "operatingincomeloss": 48079000,
        "othernonoperatingincomeexpense": 1279000,
        "interestexpense": 10557000,
        "incomelossfromcontinuingoperationsbeforeincometaxesminorityinterestandincomelossfromequitymethodinvestments": 85434000,
        "incometaxexpensebenefit": 24134000,
        "netincomeloss": 61300000,
        "earningspersharebasic": 0.74,
        "earningspersharediluted": 0.74,
        "weightedaveragenumberofsharesoutstandingbasic": 82197000,
        "weightedaveragenumberofdilutedsharesoutstanding": 83152000,
        "othercomprehensiveincomelossderivativesqualifyingashedgesnetoftax": 1190000,
        "othercomprehensiveincomelossamortizationpensionandotherpostretirementbenefitplansnetpriorservicecostrecognizedinnetperiodicpensioncostnetoftax": -1273000,
        "othercomprehensiveincomelossforeigncurrencytransactionandtranslationadjustmentnetoftax": -27253000,
        "othercomprehensiveincomelossnetoftax": -24790000,
        "comprehensiveincomenetoftax": 36510000
    },
    {
        "date": "2012-09-29",
        "symbol": "IEX",
        "period": "Q3",
        "salesrevenuenet": 198000000,
        "costofgoodsandservicessold": 285019000,
        "grossprofit": 194840000,
        "sellinggeneralandadministrativeexpense": 107167000,
        "restructuringcharges": 724000,
        "operatingincomeloss": 41649000,
        "othernonoperatingincomeexpense": 132000,
        "interestexpense": 10536000,
        "incomelossfromcontinuingoperationsbeforeincometaxesminorityinterestandincomelossfromequitymethodinvestments": 70184000,
        "incometaxexpensebenefit": 20057000,
        "netincomeloss": 50127000,
        "earningspersharebasic": 0.6,
        "earningspersharediluted": 0.6,
        "weightedaveragenumberofsharesoutstandingbasic": 82482000,
        "weightedaveragenumberofdilutedsharesoutstanding": 83370000,
        "othercomprehensiveincomelossderivativesqualifyingashedgesnetoftax": 1204000,
        "othercomprehensiveincomelossamortizationpensionandotherpostretirementbenefitplansnetpriorservicecostrecognizedinnetperiodicpensioncostnetoftax": -1428000,
        "othercomprehensiveincomelossforeigncurrencytransactionandtranslationadjustmentnetoftax": 23335000,
        "comprehensiveincomenetoftax": 76094000
    },
    {
        "date": "2012-06-29",
        "symbol": "IEX",
        "period": "Q2",
        "salesrevenuenet": 210715000,
        "costofgoodsandservicessold": 291031000,
        "grossprofit": 203113000,
        "sellinggeneralandadministrativeexpense": 111882000,
        "restructuringcharges": 319000,
        "operatingincomeloss": 46302000,
        "othernonoperatingincomeexpense": -230000,
        "interestexpense": 10536000,
        "incomelossfromcontinuingoperationsbeforeincometaxesminorityinterestandincomelossfromequitymethodinvestments": 77884000,
        "incometaxexpensebenefit": 23533000,
        "netincomeloss": 54351000,
        "earningspersharebasic": 0.65,
        "earningspersharediluted": 0.65,
        "weightedaveragenumberofsharesoutstandingbasic": 83180000,
        "weightedaveragenumberofdilutedsharesoutstanding": 84090000,
        "othercomprehensiveincomelossderivativesqualifyingashedgesnetoftax": 1219000,
        "othercomprehensiveincomelossamortizationpensionandotherpostretirementbenefitplansnetpriorservicecostrecognizedinnetperiodicpensioncostnetoftax": -1965000,
        "othercomprehensiveincomelossforeigncurrencytransactionandtranslationadjustmentnetoftax": -26731000,
        "comprehensiveincomenetoftax": 30804000
    },
    {
        "date": "2012-03-30",
        "symbol": "IEX",
        "period": "Q1",
        "salesrevenuenet": -1137000,
        "costofgoodsandservicessold": 286528000,
        "grossprofit": 202889000,
        "sellinggeneralandadministrativeexpense": 113382000,
        "restructuringcharges": 4938000,
        "operatingincomeloss": 30270000,
        "othernonoperatingincomeexpense": 117000,
        "interestexpense": 10662000,
        "incomelossfromcontinuingoperationsbeforeincometaxesminorityinterestandincomelossfromequitymethodinvestments": 74024000,
        "incometaxexpensebenefit": 21853000,
        "netincomeloss": 52171000,
        "earningspersharebasic": 0.63,
        "earningspersharediluted": 0.62,
        "weightedaveragenumberofsharesoutstandingbasic": 82804000,
        "weightedaveragenumberofdilutedsharesoutstanding": 83902000,
        "othercomprehensiveincomelossderivativesqualifyingashedgesnetoftax": 1221000,
        "othercomprehensiveincomeamortizationofdefinedbenefitplannetpriorservicecostrecognizedinnetperiodicpensioncostnetoftax": 1123000,
        "othercomprehensiveincomeforeigncurrencytransactionandtranslationadjustmentnetoftaxperiodincreasedecrease": 15031000,
        "othercomprehensiveincomelossnetoftaxportionattributabletoparent": 17375000,
        "comprehensiveincomenetoftax": 69546000
    },
    {
        "date": "2011-09-29",
        "symbol": "IEX",
        "period": "Q3",
        "salesrevenuenet": -562000,
        "costofgoodsandservicessold": 295349000,
        "grossprofit": 181532000,
        "sellinggeneralandadministrativeexpense": 107296000,
        "restructuringcharges": 428000,
        "operatingincomeloss": 20651000,
        "othernonoperatingincomeexpense": -441000,
        "interestexpense": 7763000,
        "incomelossfromcontinuingoperationsbeforeincometaxesminorityinterestandincomelossfromequitymethodinvestments": 63101000,
        "incometaxexpensebenefit": 14765000,
        "netincomeloss": 48336000,
        "earningspersharebasic": 0.58,
        "earningspersharediluted": 0.58,
        "weightedaveragenumberofsharesoutstandingbasic": 82402000,
        "weightedaveragenumberofdilutedsharesoutstanding": 83586000
    },
    {
        "date": "2011-06-29",
        "symbol": "IEX",
        "period": "Q2",
        "salesrevenuenet": -764000,
        "costofgoodsandservicessold": 268959000,
        "grossprofit": 184839000,
        "sellinggeneralandadministrativeexpense": 105210000,
        "operatingincomeloss": 28065000,
        "othernonoperatingincomeexpense": 347000,
        "interestexpense": 6720000,
        "incomelossfromcontinuingoperationsbeforeincometaxesminorityinterestandincomelossfromequitymethodinvestments": 73256000,
        "incometaxexpensebenefit": 23074000,
        "netincomeloss": 50182000,
        "earningspersharebasic": 0.61,
        "earningspersharediluted": 0.6,
        "weightedaveragenumberofsharesoutstandingbasic": 82151000,
        "weightedaveragenumberofdilutedsharesoutstanding": 83778000
    },
    {
        "date": "2011-03-30",
        "symbol": "IEX",
        "period": "Q1",
        "salesrevenuenet": 427089000,
        "costofgoodsandservicessold": 248389000,
        "grossprofit": 178700000,
        "sellinggeneralandadministrativeexpense": 100979000,
        "operatingincomeloss": 77721000,
        "othernonoperatingincomeexpense": -907000,
        "interestexpense": 6454000,
        "incomelossfromcontinuingoperationsbeforeincometaxesminorityinterestandincomelossfromequitymethodinvestments": 70360000,
        "incometaxexpensebenefit": 22409000,
        "netincomeloss": 47951000,
        "earningspersharebasic": 0.58,
        "earningspersharediluted": 0.57,
        "weightedaveragenumberofsharesoutstandingbasic": 81430000,
        "weightedaveragenumberofdilutedsharesoutstanding": 83248000
    },
    {
        "date": "2010-09-29",
        "symbol": "IEX",
        "period": "Q3",
        "salesrevenuenet": 373731000,
        "costofgoodsandservicessold": 219598000,
        "grossprofit": 154133000,
        "sellinggeneralandadministrativeexpense": 88170000,
        "restructuringcharges": 3524000,
        "operatingincomeloss": 62439000,
        "othernonoperatingincomeexpense": -1101000,
        "interestexpense": 4162000,
        "incomelossfromcontinuingoperationsbeforeincometaxesminorityinterestandincomelossfromequitymethodinvestments": 57176000,
        "incometaxexpensebenefit": 18612000,
        "netincomeloss": 38564000,
        "earningspersharebasic": 0.47,
        "earningspersharediluted": 0.47,
        "weightedaveragenumberofsharesoutstandingbasic": 80517000,
        "weightedaveragenumberofdilutedsharesoutstanding": 81938000
    },
    {
        "date": "2010-06-29",
        "symbol": "IEX",
        "period": "Q2",
        "salesrevenuenet": 378526000,
        "costofgoodsandservicessold": 223705000,
        "grossprofit": 154821000,
        "sellinggeneralandadministrativeexpense": 91010000,
        "restructuringcharges": 1031000,
        "operatingincomeloss": 62780000,
        "othernonoperatingincomeexpense": 239000,
        "interestexpense": 3599000,
        "incomelossfromcontinuingoperationsbeforeincometaxesminorityinterestandincomelossfromequitymethodinvestments": 59420000,
        "incometaxexpensebenefit": 19022000,
        "netincomeloss": 40398000,
        "earningspersharebasic": 0.5,
        "earningspersharediluted": 0.49,
        "weightedaveragenumberofsharesoutstandingbasic": 80369000,
        "weightedaveragenumberofdilutedsharesoutstanding": 81800000
    }
]