[
    {
        "date": "2024-03-30",
        "symbol": "HOOD",
        "period": "Q1",
        "revenuefromcontractwithcustomerexcludingassessedtax": 329000000,
        "interestincomeexpensenet": 254000000,
        "revenues": 618000000,
        "floorbrokerageexchangeandclearancefees": 35000000,
        "technologyanddevelopmentexpense": 196000000,
        "othercostandexpenseoperating": 44000000,
        "marketingexpense": 67000000,
        "generalandadministrativeexpense": 118000000,
        "operatingexpenses": 460000000,
        "othernonoperatingincomeexpense": 4000000,
        "incomelossfromcontinuingoperationsbeforeincometaxesextraordinaryitemsnoncontrollinginterest": 162000000,
        "incometaxexpensebenefit": 5000000,
        "netincomeloss": 157000000,
        "netincomelossavailabletocommonstockholdersbasic": 157000000,
        "netincomelossavailabletocommonstockholdersdiluted": 157000000,
        "earningspersharebasic": 0.18,
        "earningspersharediluted": 0.18,
        "weightedaveragenumberofsharesoutstandingbasic": 875319407,
        "weightedaveragenumberofdilutedsharesoutstanding": 895779155,
        "othercomprehensiveincomelosscashflowhedgegainlossreclassificationaftertax": -1000000,
        "othercomprehensiveincomelossnetoftaxportionattributabletoparent": 1000000,
        "comprehensiveincomenetoftax": 158000000
    },
    {
        "date": "2023-12-30",
        "symbol": "HOOD",
        "period": "Q4",
        "revenuefromcontractwithcustomerexcludingassessedtax": 200000000,
        "interestincomeexpensenet": 236000000,
        "revenues": 471000000,
        "floorbrokerageexchangeandclearancefees": 32000000,
        "technologyanddevelopmentexpense": 197000000,
        "othercostandexpenseoperating": 40000000,
        "marketingexpense": 43000000,
        "generalandadministrativeexpense": 133000000,
        "operatingexpenses": 445000000,
        "incomelossfromcontinuingoperationsbeforeincometaxesextraordinaryitemsnoncontrollinginterest": 29000000,
        "incometaxexpensebenefit": -1000000,
        "netincomeloss": 30000000,
        "netincomelossavailabletocommonstockholdersbasic": 30000000,
        "netincomelossavailabletocommonstockholdersdiluted": 30000000,
        "earningspersharebasic": 0.019999999999999907,
        "earningspersharediluted": 0.019999999999999907,
        "weightedaveragenumberofsharesoutstandingbasic": 890857659,
        "weightedaveragenumberofdilutedsharesoutstanding": 890857659,
        "comprehensiveincomenetoftax": 31000000
    },
    {
        "date": "2023-09-29",
        "symbol": "HOOD",
        "period": "Q3",
        "revenuefromcontractwithcustomerexcludingassessedtax": 185000000,
        "interestincomeexpensenet": 251000000,
        "revenues": 467000000,
        "floorbrokerageexchangeandclearancefees": 39000000,
        "technologyanddevelopmentexpense": 202000000,
        "othercostandexpenseoperating": 41000000,
        "marketingexpense": 28000000,
        "generalandadministrativeexpense": 230000000,
        "operatingexpenses": 540000000,
        "othernonoperatingincomeexpense": -2000000,
        "incomelossfromcontinuingoperationsbeforeincometaxesextraordinaryitemsnoncontrollinginterest": -75000000,
        "incometaxexpensebenefit": 10000000,
        "netincomeloss": -85000000,
        "netincomelossavailabletocommonstockholdersbasic": -85000000,
        "netincomelossavailabletocommonstockholdersdiluted": -85000000,
        "earningspersharebasic": -0.09,
        "earningspersharediluted": -0.09,
        "weightedaveragenumberofsharesoutstandingbasic": 895108790,
        "weightedaveragenumberofdilutedsharesoutstanding": 895108790,
        "othercomprehensiveincomelosscashflowhedgegainlossbeforereclassificationaftertax": -1000000,
        "othercomprehensiveincomelossnetoftaxportionattributabletoparent": -1000000,
        "comprehensiveincomenetoftax": -86000000
    },
    {
        "date": "2023-06-29",
        "symbol": "HOOD",
        "period": "Q2",
        "revenuefromcontractwithcustomerexcludingassessedtax": 193000000,
        "interestincomeexpensenet": 234000000,
        "revenues": 486000000,
        "floorbrokerageexchangeandclearancefees": 39000000,
        "technologyanddevelopmentexpense": 207000000,
        "othercostandexpenseoperating": 36000000,
        "marketingexpense": 25000000,
        "generalandadministrativeexpense": 159000000,
        "operatingexpenses": 466000000,
        "othernonoperatingincomeexpense": 2000000,
        "incomelossfromcontinuingoperationsbeforeincometaxesextraordinaryitemsnoncontrollinginterest": 22000000,
        "incometaxexpensebenefit": -3000000,
        "netincomeloss": 25000000,
        "netincomelossavailabletocommonstockholdersbasic": 25000000,
        "netincomelossavailabletocommonstockholdersdiluted": 25000000,
        "earningspersharebasic": 0.03,
        "earningspersharediluted": 0.03,
        "weightedaveragenumberofsharesoutstandingbasic": 904984863,
        "weightedaveragenumberofdilutedsharesoutstanding": 921269749,
        "othercomprehensiveincomelosscashflowhedgegainlossbeforereclassificationaftertax": -3000000,
        "othercomprehensiveincomelossnetoftaxportionattributabletoparent": -3000000,
        "comprehensiveincomenetoftax": 22000000
    },
    {
        "date": "2023-03-30",
        "symbol": "HOOD",
        "period": "Q1",
        "revenuefromcontractwithcustomerexcludingassessedtax": 207000000,
        "interestincomeexpensenet": 208000000,
        "revenues": 441000000,
        "floorbrokerageexchangeandclearancefees": 36000000,
        "technologyanddevelopmentexpense": 199000000,
        "othercostandexpenseoperating": 42000000,
        "marketingexpense": 26000000,
        "generalandadministrativeexpense": 647000000,
        "operatingexpenses": 950000000,
        "incomelossfromcontinuingoperationsbeforeincometaxesextraordinaryitemsnoncontrollinginterest": -509000000,
        "incometaxexpensebenefit": 2000000,
        "netincomeloss": -511000000,
        "netincomelossavailabletocommonstockholdersbasic": -511000000,
        "netincomelossavailabletocommonstockholdersdiluted": -511000000,
        "earningspersharebasic": -0.57,
        "earningspersharediluted": -0.57,
        "weightedaveragenumberofsharesoutstandingbasic": 896924695,
        "weightedaveragenumberofdilutedsharesoutstanding": 896924695,
        "comprehensiveincomenetoftax": -511000000
    },
    {
        "date": "2022-12-30",
        "symbol": "HOOD",
        "period": "Q4",
        "revenuefromcontractwithcustomerexcludingassessedtax": 186000000,
        "interestincomeexpensenet": 167000000,
        "revenues": 380000000,
        "floorbrokerageexchangeandclearancefees": 85000000,
        "technologyanddevelopmentexpense": 183000000,
        "othercostandexpenseoperating": 44000000,
        "marketingexpense": 26000000,
        "generalandadministrativeexpense": 196000000,
        "operatingexpenses": 534000000,
        "incomelossfromcontinuingoperationsbeforeincometaxesextraordinaryitemsnoncontrollinginterest": -168000000,
        "incometaxexpensebenefit": -2000000,
        "netincomeloss": -166000000,
        "netincomelossavailabletocommonstockholdersbasic": -166000000,
        "netincomelossavailabletocommonstockholdersdiluted": -166000000,
        "earningspersharebasic": -0.17999999999999988,
        "earningspersharediluted": -0.17999999999999988,
        "weightedaveragenumberofsharesoutstandingbasic": 3574453,
        "weightedaveragenumberofdilutedsharesoutstanding": 3574453,
        "comprehensiveincomenetoftax": -165000000
    },
    {
        "date": "2022-09-29",
        "symbol": "HOOD",
        "period": "Q3",
        "revenuefromcontractwithcustomerexcludingassessedtax": 625000000,
        "interestincomeexpensenet": 128000000,
        "revenues": 361000000,
        "floorbrokerageexchangeandclearancefees": 33000000,
        "technologyanddevelopmentexpense": 185000000,
        "othercostandexpenseoperating": 64000000,
        "marketingexpense": 19000000,
        "generalandadministrativeexpense": 234000000,
        "operatingexpenses": 535000000,
        "incomelossfromcontinuingoperationsbeforeincometaxesextraordinaryitemsnoncontrollinginterest": -174000000,
        "incometaxexpensebenefit": 1000000,
        "netincomeloss": -175000000,
        "netincomelossavailabletocommonstockholdersbasic": -175000000,
        "netincomelossavailabletocommonstockholdersdiluted": -175000000,
        "earningspersharebasic": -0.1999999999999999,
        "earningspersharediluted": -0.1999999999999999,
        "weightedaveragenumberofsharesoutstandingbasic": 3712276,
        "weightedaveragenumberofdilutedsharesoutstanding": 3712276,
        "comprehensiveincomenetoftax": -176000000
    },
    {
        "date": "2022-06-29",
        "symbol": "HOOD",
        "period": "Q2",
        "revenuefromcontractwithcustomerexcludingassessedtax": 2000000,
        "interestincomeexpensenet": 74000000,
        "revenues": 318000000,
        "floorbrokerageexchangeandclearancefees": 30000000,
        "technologyanddevelopmentexpense": 244000000,
        "othercostandexpenseoperating": 86000000,
        "marketingexpense": 24000000,
        "generalandadministrativeexpense": 226000000,
        "operatingexpenses": 610000000,
        "incomelossfromcontinuingoperationsbeforeincometaxesextraordinaryitemsnoncontrollinginterest": -294000000,
        "incometaxexpensebenefit": 1000000,
        "netincomeloss": -295000000,
        "netincomelossavailabletocommonstockholdersbasic": -295000000,
        "netincomelossavailabletocommonstockholdersdiluted": -295000000,
        "earningspersharebasic": -0.34,
        "earningspersharediluted": -0.34,
        "weightedaveragenumberofsharesoutstandingbasic": 3574127,
        "weightedaveragenumberofdilutedsharesoutstanding": 3574127,
        "othercomprehensiveincomelossforeigncurrencytransactionandtranslationadjustmentnetoftax": 0,
        "othercomprehensiveincomelossnetoftaxportionattributabletoparent": 0,
        "comprehensiveincomenetoftax": -295000000
    },
    {
        "date": "2022-03-30",
        "symbol": "HOOD",
        "period": "Q1",
        "revenuefromcontractwithcustomerexcludingassessedtax": 1000000,
        "interestincomeexpensenet": 55000000,
        "revenues": 299000000,
        "floorbrokerageexchangeandclearancefees": 31000000,
        "technologyanddevelopmentexpense": 266000000,
        "othercostandexpenseoperating": 91000000,
        "marketingexpense": 34000000,
        "generalandadministrativeexpense": 268000000,
        "operatingexpenses": 690000000,
        "incomelossfromcontinuingoperationsbeforeincometaxesextraordinaryitemsnoncontrollinginterest": -391000000,
        "incometaxexpensebenefit": 1000000,
        "netincomeloss": -392000000,
        "netincomelossavailabletocommonstockholdersbasic": -392000000,
        "netincomelossavailabletocommonstockholdersdiluted": -392000000,
        "earningspersharebasic": -0.45,
        "earningspersharediluted": -0.45,
        "weightedaveragenumberofsharesoutstandingbasic": 867769168,
        "weightedaveragenumberofdilutedsharesoutstanding": 867769168,
        "othercomprehensiveincomelossforeigncurrencytransactionandtranslationadjustmentnetoftax": -1000000,
        "othercomprehensiveincomelossnetoftaxportionattributabletoparent": -1000000,
        "comprehensiveincomenetoftax": -393000000
    },
    {
        "date": "2021-09-29",
        "symbol": "HOOD",
        "period": "Q3",
        "revenuefromcontractwithcustomerexcludingassessedtax": 266797000,
        "interestincomeexpensenet": 63405000,
        "revenues": 364923000,
        "floorbrokerageexchangeandclearancefees": 44031000,
        "technologyanddevelopmentexpense": 679162000,
        "othercostandexpenseoperating": 108337000,
        "marketingexpense": 86893000,
        "generalandadministrativeexpense": 790060000,
        "operatingexpenses": 1708483000,
        "fairvalueadjustmentofconvertibledebtandwarrants": 25336000,
        "othernonoperatingincomeexpense": 1955000,
        "incomelossfromcontinuingoperationsbeforeincometaxesextraordinaryitemsnoncontrollinginterest": -1366941000,
        "incometaxexpensebenefit": -50244000,
        "netincomeloss": -1316697000,
        "netincomelossavailabletocommonstockholdersbasic": -1316697000,
        "netincomelossavailabletocommonstockholdersdiluted": -1316697000,
        "earningspersharebasic": -2.06,
        "earningspersharediluted": -2.06,
        "weightedaveragenumberofsharesoutstandingbasic": 638168188,
        "weightedaveragenumberofdilutedsharesoutstanding": 638168188,
        "othercomprehensiveincomelossforeigncurrencytransactionandtranslationadjustmentnetoftax": -142000,
        "othercomprehensiveincomelossnetoftaxportionattributabletoparent": -142000,
        "comprehensiveincomenetoftax": -1316839000
    },
    {
        "date": "2021-06-29",
        "symbol": "HOOD",
        "period": "Q2",
        "revenuefromcontractwithcustomerexcludingassessedtax": 451167000,
        "interestincomeexpensenet": 67709000,
        "revenues": 565333000,
        "floorbrokerageexchangeandclearancefees": 37812000,
        "technologyanddevelopmentexpense": 156347000,
        "othercostandexpenseoperating": 101065000,
        "marketingexpense": 94159000,
        "generalandadministrativeexpense": 111346000,
        "operatingexpenses": 500729000,
        "fairvalueadjustmentofconvertibledebtandwarrants": 528052000,
        "othernonoperatingincomeexpense": -710000,
        "incomelossfromcontinuingoperationsbeforeincometaxesminorityinterestandincomelossfromequitymethodinvestments": -464158000,
        "incometaxexpensebenefit": 37507000,
        "netincomeloss": -501665000,
        "netincomelossavailabletocommonstockholdersbasic": -501665000,
        "netincomelossavailabletocommonstockholdersdiluted": -501665000,
        "earningspersharebasic": -2.16,
        "earningspersharediluted": -2.16,
        "weightedaveragenumberofsharesoutstandingbasic": 232223019,
        "weightedaveragenumberofdilutedsharesoutstanding": 232223019,
        "othercomprehensiveincomelossforeigncurrencytransactionandtranslationadjustmentnetoftax": 23000,
        "othercomprehensiveincomelossnetoftaxportionattributabletoparent": 23000,
        "comprehensiveincomenetoftax": -501642000
    }
]