[
    {
        "date": "2024-10-26",
        "symbol": "WSM",
        "period": "Q3",
        "revenuefromcontractwithcustomerexcludingassessedtax": 76800000,
        "costofgoodssoldandoccupancyexpenses": 958953000,
        "grossprofit": 841715000,
        "sellinggeneralandadministrativeexpense": 521072000,
        "operatingincomeloss": 320643000,
        "interestincomeexpensenonoperatingnet": 11802000,
        "incomelossfromcontinuingoperationsbeforeincometaxesextraordinaryitemsnoncontrollinginterest": 332445000,
        "incometaxexpensebenefit": 83492000,
        "netincomeloss": 248953000,
        "earningspersharebasic": 1.9799999999999995,
        "earningspersharediluted": 1.9600000000000009,
        "weightedaveragenumberofsharesoutstandingbasic": 127334000,
        "weightedaveragenumberofdilutedsharesoutstanding": 129019000,
        "comprehensiveincomenetoftax": 248940000
    },
    {
        "date": "2024-07-27",
        "symbol": "WSM",
        "period": "Q2",
        "revenuefromcontractwithcustomerexcludingassessedtax": -1507848000,
        "costofgoodssoldandoccupancyexpenses": 961981000,
        "grossprofit": 826326000,
        "sellinggeneralandadministrativeexpense": 536410000,
        "operatingincomeloss": 289916000,
        "interestincomeexpensenonoperatingnet": 15208000,
        "incomelossfromcontinuingoperationsbeforeincometaxesextraordinaryitemsnoncontrollinginterest": 305124000,
        "incometaxexpensebenefit": 79379000,
        "netincomeloss": 225745000,
        "earningspersharebasic": -0.3099999999999996,
        "earningspersharediluted": -0.2900000000000005,
        "weightedaveragenumberofsharesoutstandingbasic": 128334000,
        "weightedaveragenumberofdilutedsharesoutstanding": 130103000,
        "othercomprehensiveincomelosscashflowhedgegainlossbeforereclassificationaftertax": 0,
        "comprehensiveincomenetoftax": 225790000
    },
    {
        "date": "2024-04-27",
        "symbol": "WSM",
        "period": "Q1",
        "revenuefromcontractwithcustomerexcludingassessedtax": 1660348000,
        "costofgoodssoldandoccupancyexpenses": 857833000,
        "grossprofit": 802515000,
        "sellinggeneralandadministrativeexpense": 478687000,
        "operatingincomeloss": 323828000,
        "interestincomeexpensenonoperatingnet": 16053000,
        "incomelossfromcontinuingoperationsbeforeincometaxesextraordinaryitemsnoncontrollinginterest": 339881000,
        "incometaxexpensebenefit": 74215000,
        "netincomeloss": 265666000,
        "earningspersharebasic": 4.14,
        "earningspersharediluted": 4.07,
        "weightedaveragenumberofsharesoutstandingbasic": 64206000,
        "weightedaveragenumberofdilutedsharesoutstanding": 65315000,
        "othercomprehensiveincomelossforeigncurrencytransactionandtranslationadjustmentnetoftax": -1342000,
        "othercomprehensiveincomelosscashflowhedgegainlossbeforereclassificationaftertax": 1000,
        "comprehensiveincomenetoftax": 264325000
    },
    {
        "date": "2024-01-27",
        "symbol": "WSM",
        "period": "Q4",
        "revenuefromcontractwithcustomerexcludingassessedtax": 5744202000,
        "costofgoodssoldandoccupancyexpenses": 1230322000,
        "grossprofit": 1048615000,
        "sellinggeneralandadministrativeexpense": 590524000,
        "operatingincomeloss": 458091000,
        "interestincomeexpensenonoperatingnet": 13147000,
        "incomelossfromcontinuingoperationsbeforeincometaxesextraordinaryitemsnoncontrollinginterest": 471238000,
        "incometaxexpensebenefit": 116799000,
        "netincomeloss": 354439000,
        "earningspersharebasic": 5.490000000000001,
        "earningspersharediluted": 5.42,
        "weightedaveragenumberofsharesoutstandingbasic": 64574000,
        "weightedaveragenumberofdilutedsharesoutstanding": 65272000,
        "othercomprehensiveincomelossforeigncurrencytransactionandtranslationadjustmentnetoftax": 3063000,
        "othercomprehensiveincomelosscashflowhedgegainlossbeforereclassificationaftertax": -3000,
        "othercomprehensiveincomelosscashflowhedgegainlossreclassificationaftertax": 8000,
        "comprehensiveincomenetoftax": 357491000,
        "othercomprehensiveincomelosscashflowhedgegainlossbeforereclassificationtax": -1000,
        "othercomprehensiveincomelosscashflowhedgegainlossreclassificationtax": 3000
    },
    {
        "date": "2023-10-28",
        "symbol": "WSM",
        "period": "Q3",
        "revenuefromcontractwithcustomerexcludingassessedtax": 1853650000,
        "costofgoodssoldandoccupancyexpenses": 1031290000,
        "grossprofit": 822360000,
        "sellinggeneralandadministrativeexpense": 507283000,
        "operatingincomeloss": 315077000,
        "interestincomeexpensenonoperatingnet": 7182000,
        "incomelossfromcontinuingoperationsbeforeincometaxesextraordinaryitemsnoncontrollinginterest": 322259000,
        "incometaxexpensebenefit": 84974000,
        "netincomeloss": 237285000,
        "earningspersharebasic": 3.7,
        "earningspersharediluted": 3.66,
        "weightedaveragenumberofsharesoutstandingbasic": 64142000,
        "weightedaveragenumberofdilutedsharesoutstanding": 64774000,
        "othercomprehensiveincomelossforeigncurrencytransactionandtranslationadjustmentnetoftax": -4028000,
        "othercomprehensiveincomelosscashflowhedgegainlossbeforereclassificationaftertax": 78000,
        "othercomprehensiveincomelosscashflowhedgegainlossreclassificationaftertax": 114000,
        "comprehensiveincomenetoftax": 233221000,
        "othercomprehensiveincomelosscashflowhedgegainlossbeforereclassificationtax": 27000,
        "othercomprehensiveincomelosscashflowhedgegainlossreclassificationtax": 40000
    },
    {
        "date": "2023-07-29",
        "symbol": "WSM",
        "period": "Q2",
        "revenuefromcontractwithcustomerexcludingassessedtax": 82000000,
        "costofgoodssoldandoccupancyexpenses": 1105047000,
        "grossprofit": 757567000,
        "sellinggeneralandadministrativeexpense": 486019000,
        "operatingincomeloss": 271548000,
        "interestincomeexpensenonoperatingnet": 3335000,
        "incomelossfromcontinuingoperationsbeforeincometaxesextraordinaryitemsnoncontrollinginterest": 274883000,
        "incometaxexpensebenefit": 73376000,
        "netincomeloss": 201507000,
        "earningspersharebasic": 3.14,
        "earningspersharediluted": 3.12,
        "weightedaveragenumberofsharesoutstandingbasic": 64163000,
        "weightedaveragenumberofdilutedsharesoutstanding": 64526000,
        "othercomprehensiveincomelossforeigncurrencytransactionandtranslationadjustmentnetoftax": 2171000,
        "othercomprehensiveincomelosscashflowhedgegainlossbeforereclassificationaftertax": -157000,
        "othercomprehensiveincomelosscashflowhedgegainlossreclassificationaftertax": 296000,
        "comprehensiveincomenetoftax": 203225000,
        "othercomprehensiveincomelosscashflowhedgegainlossbeforereclassificationtax": -56000,
        "othercomprehensiveincomelosscashflowhedgegainlossreclassificationtax": 104000
    },
    {
        "date": "2023-04-29",
        "symbol": "WSM",
        "period": "Q1",
        "revenuefromcontractwithcustomerexcludingassessedtax": 70800000,
        "costofgoodssoldandoccupancyexpenses": 1080392000,
        "grossprofit": 675059000,
        "sellinggeneralandadministrativeexpense": 475582000,
        "operatingincomeloss": 199477000,
        "interestincomeexpensenonoperatingnet": 5498000,
        "incomelossfromcontinuingoperationsbeforeincometaxesextraordinaryitemsnoncontrollinginterest": 204975000,
        "incometaxexpensebenefit": 48444000,
        "netincomeloss": 156531000,
        "earningspersharebasic": 2.38,
        "earningspersharediluted": 2.35,
        "weightedaveragenumberofsharesoutstandingbasic": 65849000,
        "weightedaveragenumberofdilutedsharesoutstanding": 66696000,
        "othercomprehensiveincomelossforeigncurrencytransactionandtranslationadjustmentnetoftax": -2205000,
        "othercomprehensiveincomelosscashflowhedgegainlossbeforereclassificationaftertax": 242000,
        "othercomprehensiveincomelosscashflowhedgegainlossreclassificationaftertax": 486000,
        "comprehensiveincomenetoftax": 154082000,
        "othercomprehensiveincomelosscashflowhedgegainlossbeforereclassificationtax": 86000,
        "othercomprehensiveincomelosscashflowhedgegainlossreclassificationtax": 172000
    },
    {
        "date": "2023-01-28",
        "symbol": "WSM",
        "period": "Q4",
        "revenuefromcontractwithcustomerexcludingassessedtax": 104900000,
        "costofgoodssoldandoccupancyexpenses": 1443229000,
        "grossprofit": 1009850000,
        "sellinggeneralandadministrativeexpense": 540063000,
        "operatingincomeloss": 469787000,
        "interestincomeexpensenonoperatingnet": 1383000,
        "incomelossfromcontinuingoperationsbeforeincometaxesextraordinaryitemsnoncontrollinginterest": 471170000,
        "incometaxexpensebenefit": 116177000,
        "netincomeloss": 354993000,
        "earningspersharebasic": 5.299999999999999,
        "earningspersharediluted": 5.23,
        "weightedaveragenumberofsharesoutstandingbasic": -137714000,
        "weightedaveragenumberofdilutedsharesoutstanding": -140250000,
        "othercomprehensiveincomelossforeigncurrencytransactionandtranslationadjustmentnetoftax": 4485000,
        "othercomprehensiveincomelosscashflowhedgegainlossbeforereclassificationaftertax": -256000,
        "othercomprehensiveincomelosscashflowhedgegainlossreclassificationaftertax": 190000,
        "comprehensiveincomenetoftax": 359032000,
        "othercomprehensiveincomelosscashflowhedgegainlossbeforereclassificationtax": -91000,
        "othercomprehensiveincomelosscashflowhedgegainlossreclassificationtax": 68000
    },
    {
        "date": "2022-10-29",
        "symbol": "WSM",
        "period": "Q3",
        "revenuefromcontractwithcustomerexcludingassessedtax": 94700000,
        "costofgoodssoldandoccupancyexpenses": 1282048000,
        "grossprofit": 910526000,
        "sellinggeneralandadministrativeexpense": 570893000,
        "operatingincomeloss": 339633000,
        "interestincomeexpensenonoperatingnet": 370000,
        "incomelossfromcontinuingoperationsbeforeincometaxesextraordinaryitemsnoncontrollinginterest": 340003000,
        "incometaxexpensebenefit": 88280000,
        "netincomeloss": 251723000,
        "earningspersharebasic": 3.77,
        "earningspersharediluted": 3.72,
        "weightedaveragenumberofsharesoutstandingbasic": 66704000,
        "weightedaveragenumberofdilutedsharesoutstanding": 67617000,
        "othercomprehensiveincomelossforeigncurrencytransactionandtranslationadjustmentnetoftax": -5158000,
        "othercomprehensiveincomelosscashflowhedgegainlossbeforereclassificationaftertax": 1069000,
        "othercomprehensiveincomelosscashflowhedgegainlossreclassificationaftertax": 128000,
        "comprehensiveincomenetoftax": 247506000,
        "othercomprehensiveincomelosscashflowhedgegainlossbeforereclassificationtax": 378000,
        "othercomprehensiveincomelosscashflowhedgegainlossreclassificationtax": 45000
    },
    {
        "date": "2022-07-30",
        "symbol": "WSM",
        "period": "Q2",
        "revenuefromcontractwithcustomerexcludingassessedtax": 113300000,
        "costofgoodssoldandoccupancyexpenses": 1208728000,
        "grossprofit": 928809000,
        "sellinggeneralandadministrativeexpense": 563288000,
        "operatingincomeloss": 365521000,
        "interestincomeexpensenonoperatingnet": 344000,
        "incomelossfromcontinuingoperationsbeforeincometaxesextraordinaryitemsnoncontrollinginterest": 365865000,
        "incometaxexpensebenefit": 98790000,
        "netincomeloss": 267075000,
        "earningspersharebasic": 3.92,
        "earningspersharediluted": 3.87,
        "weightedaveragenumberofsharesoutstandingbasic": 68180000,
        "weightedaveragenumberofdilutedsharesoutstanding": 69081000,
        "othercomprehensiveincomelossforeigncurrencytransactionandtranslationadjustmentnetoftax": -1385000,
        "othercomprehensiveincomelosscashflowhedgegainlossbeforereclassificationaftertax": 26000,
        "othercomprehensiveincomelosscashflowhedgegainlossreclassificationaftertax": 5000,
        "comprehensiveincomenetoftax": 265711000,
        "othercomprehensiveincomelosscashflowhedgegainlossbeforereclassificationtax": 9000,
        "othercomprehensiveincomelosscashflowhedgegainlossreclassificationtax": 2000
    },
    {
        "date": "2022-04-30",
        "symbol": "WSM",
        "period": "Q1",
        "revenuefromcontractwithcustomerexcludingassessedtax": 95000000,
        "costofgoodssoldandoccupancyexpenses": 1062679000,
        "grossprofit": 828548000,
        "sellinggeneralandadministrativeexpense": 505067000,
        "operatingincomeloss": 323481000,
        "interestincomeexpensenonoperatingnet": 163000,
        "incomelossfromcontinuingoperationsbeforeincometaxesextraordinaryitemsnoncontrollinginterest": 323644000,
        "incometaxexpensebenefit": 69531000,
        "netincomeloss": 254113000,
        "earningspersharebasic": 3.59,
        "earningspersharediluted": 3.5,
        "weightedaveragenumberofsharesoutstandingbasic": 70851000,
        "weightedaveragenumberofdilutedsharesoutstanding": 72652000,
        "othercomprehensiveincomelossforeigncurrencytransactionandtranslationadjustmentnetoftax": -1514000,
        "othercomprehensiveincomelosscashflowhedgegainlossbeforereclassificationaftertax": 93000,
        "othercomprehensiveincomelosscashflowhedgegainlossreclassificationaftertax": 18000,
        "comprehensiveincomenetoftax": 252674000,
        "othercomprehensiveincomelosscashflowhedgegainlossbeforereclassificationtax": 33000,
        "othercomprehensiveincomelosscashflowhedgegainlossreclassificationtax": 6000
    },
    {
        "date": "2022-01-29",
        "symbol": "WSM",
        "period": "Q4",
        "revenuefromcontractwithcustomerexcludingassessedtax": 126517000,
        "costofgoodssoldandoccupancyexpenses": 1375792000,
        "grossprofit": 1125237000,
        "sellinggeneralandadministrativeexpense": 600665000,
        "operatingincomeloss": 524572000,
        "incomelossfromcontinuingoperationsbeforeincometaxesextraordinaryitemsnoncontrollinginterest": 524661000,
        "incometaxexpensebenefit": 121720000,
        "netincomeloss": 402941000,
        "earningspersharebasic": 5.500000000000002,
        "earningspersharediluted": 5.35,
        "weightedaveragenumberofsharesoutstandingbasic": -150324000,
        "weightedaveragenumberofdilutedsharesoutstanding": -154658000,
        "othercomprehensiveincomelossforeigncurrencytransactionandtranslationadjustmentnetoftax": -5458000,
        "othercomprehensiveincomelosscashflowhedgegainlossbeforereclassificationaftertax": 407000,
        "othercomprehensiveincomelosscashflowhedgegainlossreclassificationaftertax": -165000,
        "comprehensiveincomenetoftax": 398055000,
        "othercomprehensiveincomelosscashflowhedgegainlossbeforereclassificationtax": 144000,
        "othercomprehensiveincomelosscashflowhedgegainlossreclassificationtax": -59000
    },
    {
        "date": "2021-10-30",
        "symbol": "WSM",
        "period": "Q3",
        "revenuefromcontractwithcustomerexcludingassessedtax": 93100000,
        "costofgoodssoldandoccupancyexpenses": 1152054000,
        "grossprofit": 895485000,
        "sellinggeneralandadministrativeexpense": 565218000,
        "operatingincomeloss": 330267000,
        "interestincomeexpensenonoperatingnet": -121000,
        "incomelossfromcontinuingoperationsbeforeincometaxesextraordinaryitemsnoncontrollinginterest": 330146000,
        "incometaxexpensebenefit": 80622000,
        "netincomeloss": 249524000,
        "earningspersharebasic": 3.37,
        "earningspersharediluted": 3.29,
        "weightedaveragenumberofsharesoutstandingbasic": 74010000,
        "weightedaveragenumberofdilutedsharesoutstanding": 75943000,
        "othercomprehensiveincomelossforeigncurrencytransactionandtranslationadjustmentnetoftax": 792000,
        "othercomprehensiveincomelosscashflowhedgegainlossbeforereclassificationaftertax": -54000,
        "othercomprehensiveincomelosscashflowhedgegainlossreclassificationaftertax": -369000,
        "comprehensiveincomenetoftax": 250631000,
        "othercomprehensiveincomelosscashflowhedgegainlossbeforereclassificationtax": -19000,
        "othercomprehensiveincomelosscashflowhedgegainlossreclassificationtax": -131000
    },
    {
        "date": "2021-07-31",
        "symbol": "WSM",
        "period": "Q2",
        "revenuefromcontractwithcustomerexcludingassessedtax": 116100000,
        "costofgoodssoldandoccupancyexpenses": 1089951000,
        "grossprofit": 858388000,
        "sellinggeneralandadministrativeexpense": 535288000,
        "operatingincomeloss": 323100000,
        "interestincomeexpensenonoperatingnet": 39000,
        "incomelossfromcontinuingoperationsbeforeincometaxesextraordinaryitemsnoncontrollinginterest": 323139000,
        "incometaxexpensebenefit": 77069000,
        "netincomeloss": 246070000,
        "earningspersharebasic": 3.29,
        "earningspersharediluted": 3.21,
        "weightedaveragenumberofsharesoutstandingbasic": 74786000,
        "weightedaveragenumberofdilutedsharesoutstanding": 76584000,
        "othercomprehensiveincomelossforeigncurrencytransactionandtranslationadjustmentnetoftax": -3522000,
        "othercomprehensiveincomelosscashflowhedgegainlossbeforereclassificationaftertax": 65000,
        "othercomprehensiveincomelosscashflowhedgegainlossreclassificationaftertax": -337000,
        "comprehensiveincomenetoftax": 242950000,
        "othercomprehensiveincomelosscashflowhedgegainlossbeforereclassificationtax": 25000,
        "othercomprehensiveincomelosscashflowhedgegainlossreclassificationtax": -126000
    },
    {
        "date": "2021-05-01",
        "symbol": "WSM",
        "period": "Q1",
        "revenuefromcontractwithcustomerexcludingassessedtax": 1749029000,
        "costofgoodssoldandoccupancyexpenses": 996176000,
        "grossprofit": 752853000,
        "sellinggeneralandadministrativeexpense": 477676000,
        "operatingincomeloss": 275177000,
        "netinterestincomeandexpense": 1872000,
        "incomelossfromcontinuingoperationsbeforeincometaxesextraordinaryitemsnoncontrollinginterest": 273305000,
        "incometaxexpensebenefit": 45503000,
        "netincomeloss": 227802000,
        "earningspersharebasic": 3.01,
        "earningspersharediluted": 2.9,
        "weightedaveragenumberofsharesoutstandingbasic": 75800000,
        "weightedaveragenumberofdilutedsharesoutstanding": 78485000,
        "othercomprehensiveincomelossforeigncurrencytransactionandtranslationadjustmentnetoftax": 3700000,
        "othercomprehensiveincomelosscashflowhedgegainlossbeforereclassificationaftertax": -665000,
        "othercomprehensiveincomelosscashflowhedgegainlossreclassificationaftertax": -153000,
        "comprehensiveincomenetoftax": 230990000,
        "othercomprehensiveincomelosscashflowhedgegainlossbeforereclassificationtax": -241000,
        "othercomprehensiveincomelosscashflowhedgegainlossreclassificationtax": -55000
    },
    {
        "date": "2021-01-30",
        "symbol": "WSM",
        "period": "Q4",
        "revenuefromcontractwithcustomerexcludingassessedtax": 2292673000,
        "costofgoodssoldandoccupancyexpenses": 1327449000,
        "grossprofit": 965224000,
        "sellinggeneralandadministrativeexpense": 563137000,
        "operatingincomeloss": 402087000,
        "netinterestincomeandexpense": 2264000,
        "incomelossfromcontinuingoperationsbeforeincometaxesextraordinaryitemsnoncontrollinginterest": 399823000,
        "incometaxexpensebenefit": 90868000,
        "netincomeloss": 308955000,
        "earningspersharebasic": 4.0200000000000005,
        "earningspersharediluted": 3.919999999999999,
        "weightedaveragenumberofsharesoutstandingbasic": -155272000,
        "weightedaveragenumberofdilutedsharesoutstanding": -157940000,
        "othercomprehensiveincomelossforeigncurrencytransactionandtranslationadjustmentnetoftax": 7479000,
        "othercomprehensiveincomeunrealizedgainlossonderivativesarisingduringperiodnetoftax": -718000,
        "othercomprehensiveincomelossreclassificationadjustmentfromaocionderivativesnetoftax": 35000,
        "comprehensiveincomenetoftax": 315681000,
        "othercomprehensiveincomeunrealizedgainlossonderivativesarisingduringperiodtax": -401000,
        "othercomprehensiveincomelossreclassificationadjustmentfromaocionderivativestax": 13000
    },
    {
        "date": "2020-10-31",
        "symbol": "WSM",
        "period": "Q3",
        "revenuefromcontractwithcustomerexcludingassessedtax": 1764536000,
        "costofgoodssoldandoccupancyexpenses": 1058953000,
        "grossprofit": 705583000,
        "sellinggeneralandadministrativeexpense": 430979000,
        "operatingincomeloss": 274604000,
        "netinterestincomeandexpense": 5344000,
        "incomelossfromcontinuingoperationsbeforeincometaxesextraordinaryitemsnoncontrollinginterest": 269260000,
        "incometaxexpensebenefit": 67488000,
        "netincomeloss": 201772000,
        "earningspersharebasic": 2.6,
        "earningspersharediluted": 2.54,
        "weightedaveragenumberofsharesoutstandingbasic": 77487000,
        "weightedaveragenumberofdilutedsharesoutstanding": 79332000,
        "othercomprehensiveincomelossforeigncurrencytransactionandtranslationadjustmentnetoftax": -745000,
        "othercomprehensiveincomeunrealizedgainlossonderivativesarisingduringperiodnetoftax": 54000,
        "othercomprehensiveincomelossreclassificationadjustmentfromaocionderivativesnetoftax": 231000,
        "comprehensiveincomenetoftax": 200850000,
        "othercomprehensiveincomeunrealizedgainlossonderivativesarisingduringperiodtax": 21000,
        "othercomprehensiveincomelossreclassificationadjustmentfromaocionderivativestax": 85000
    },
    {
        "date": "2020-08-01",
        "symbol": "WSM",
        "period": "Q2",
        "revenuefromcontractwithcustomerexcludingassessedtax": 1490777000,
        "costofgoodssoldandoccupancyexpenses": 939575000,
        "grossprofit": 551202000,
        "sellinggeneralandadministrativeexpense": 365841000,
        "operatingincomeloss": 185361000,
        "netinterestincomeandexpense": 6464000,
        "incomelossfromcontinuingoperationsbeforeincometaxesextraordinaryitemsnoncontrollinginterest": 178897000,
        "incometaxexpensebenefit": 44333000,
        "netincomeloss": 134564000,
        "earningspersharebasic": 1.73,
        "earningspersharediluted": 1.7,
        "weightedaveragenumberofsharesoutstandingbasic": 77783000,
        "weightedaveragenumberofdilutedsharesoutstanding": 79264000,
        "othercomprehensiveincomelossforeigncurrencytransactionandtranslationadjustmentnetoftax": 6737000,
        "othercomprehensiveincomeunrealizedgainlossonderivativesarisingduringperiodnetoftax": -200000,
        "othercomprehensiveincomelossreclassificationadjustmentfromaocionderivativesnetoftax": 107000,
        "comprehensiveincomenetoftax": 140994000,
        "othercomprehensiveincomeunrealizedgainlossonderivativesarisingduringperiodtax": 71000,
        "othercomprehensiveincomelossreclassificationadjustmentfromaocionderivativestax": 38000
    },
    {
        "date": "2020-05-02",
        "symbol": "WSM",
        "period": "Q1",
        "revenuefromcontractwithcustomerexcludingassessedtax": 1235203000,
        "costofgoodssoldandoccupancyexpenses": 820943000,
        "grossprofit": 414260000,
        "sellinggeneralandadministrativeexpense": 365615000,
        "operatingincomeloss": 48645000,
        "netinterestincomeandexpense": 2159000,
        "incomelossfromcontinuingoperationsbeforeincometaxesextraordinaryitemsnoncontrollinginterest": 46486000,
        "incometaxexpensebenefit": 11063000,
        "netincomeloss": 35423000,
        "earningspersharebasic": 0.46,
        "earningspersharediluted": 0.45,
        "weightedaveragenumberofsharesoutstandingbasic": 77262000,
        "weightedaveragenumberofdilutedsharesoutstanding": 78399000,
        "othercomprehensiveincomelossforeigncurrencytransactionandtranslationadjustmentnetoftax": -5276000,
        "othercomprehensiveincomeunrealizedgainlossonderivativesarisingduringperiodnetoftax": 549000,
        "othercomprehensiveincomelossreclassificationadjustmentfromaocionderivativesnetoftax": 37000,
        "comprehensiveincomenetoftax": 30659000,
        "othercomprehensiveincomeunrealizedgainlossonderivativesarisingduringperiodtax": 196000,
        "othercomprehensiveincomelossreclassificationadjustmentfromaocionderivativestax": 13000
    },
    {
        "date": "2020-02-01",
        "symbol": "WSM",
        "period": "Q4",
        "revenuefromcontractwithcustomerexcludingassessedtax": 3902626000,
        "costofgoodssoldandoccupancyexpenses": 1150862000,
        "grossprofit": 692728000,
        "sellinggeneralandadministrativeexpense": 489042000,
        "operatingincomeloss": 203686000,
        "netinterestincomeandexpense": 1367000,
        "incomelossfromcontinuingoperationsbeforeincometaxesextraordinaryitemsnoncontrollinginterest": 202319000,
        "incometaxexpensebenefit": 36274000,
        "netincomeloss": 166045000,
        "earningspersharebasic": 2.13,
        "earningspersharediluted": 2.1,
        "weightedaveragenumberofsharesoutstandingbasic": -156960000,
        "weightedaveragenumberofdilutedsharesoutstanding": -159303000,
        "othercomprehensiveincomelossforeigncurrencytransactionandtranslationadjustmentnetoftax": -857000,
        "othercomprehensiveincomeunrealizedgainlossonderivativesarisingduringperiodnetoftax": 86000,
        "othercomprehensiveincomelossreclassificationadjustmentfromaocionderivativesnetoftax": 108000,
        "comprehensiveincomenetoftax": 165166000,
        "othercomprehensiveincomeunrealizedgainlossonderivativesarisingduringperiodtax": 32000,
        "othercomprehensiveincomelossreclassificationadjustmentfromaocionderivativestax": 40000
    },
    {
        "date": "2019-11-02",
        "symbol": "WSM",
        "period": "Q3",
        "revenuefromcontractwithcustomerexcludingassessedtax": 556985000,
        "costofgoodssoldandoccupancyexpenses": 924300000,
        "grossprofit": 518172000,
        "sellinggeneralandadministrativeexpense": 416281000,
        "operatingincomeloss": 101891000,
        "netinterestincomeandexpense": 2564000,
        "incomelossfromcontinuingoperationsbeforeincometaxesextraordinaryitemsnoncontrollinginterest": 99327000,
        "incometaxexpensebenefit": 24614000,
        "netincomeloss": 74713000,
        "earningspersharebasic": 0.96,
        "earningspersharediluted": 0.94,
        "weightedaveragenumberofsharesoutstandingbasic": 77897000,
        "weightedaveragenumberofdilutedsharesoutstanding": 79191000,
        "othercomprehensiveincomelossforeigncurrencytransactionandtranslationadjustmentnetoftax": 1783000,
        "othercomprehensiveincomeunrealizedgainlossonderivativesarisingduringperiodnetoftax": 5000,
        "othercomprehensiveincomelossreclassificationadjustmentfromaocionderivativesnetoftax": 8000,
        "comprehensiveincomenetoftax": 76493000,
        "othercomprehensiveincomeunrealizedgainlossonderivativesarisingduringperiodtax": 97000,
        "othercomprehensiveincomelossreclassificationadjustmentfromaocionderivativestax": 187000
    },
    {
        "date": "2019-08-03",
        "symbol": "WSM",
        "period": "Q2",
        "revenuefromcontractwithcustomerexcludingassessedtax": 1370814000,
        "costofgoodssoldandoccupancyexpenses": 886953000,
        "grossprofit": 483861000,
        "sellinggeneralandadministrativeexpense": 397696000,
        "operatingincomeloss": 86165000,
        "netinterestincomeandexpense": 2669000,
        "incomelossfromcontinuingoperationsbeforeincometaxesextraordinaryitemsnoncontrollinginterest": 83496000,
        "incometaxexpensebenefit": 20848000,
        "netincomeloss": 62648000,
        "earningspersharebasic": 0.8,
        "earningspersharediluted": 0.79,
        "weightedaveragenumberofsharesoutstandingbasic": 78488000,
        "weightedaveragenumberofdilutedsharesoutstanding": 79470000,
        "othercomprehensiveincomelossforeigncurrencytransactionandtranslationadjustmentnetoftax": -1251000,
        "othercomprehensiveincomeunrealizedgainlossonderivativesarisingduringperiodnetoftax": -132000,
        "othercomprehensiveincomelossreclassificationadjustmentfromaocionderivativesnetoftax": 160000,
        "comprehensiveincomenetoftax": 61105000,
        "othercomprehensiveincomeunrealizedgainlossonderivativesarisingduringperiodtax": -8000,
        "othercomprehensiveincomelossreclassificationadjustmentfromaocionderivativestax": 10000
    },
    {
        "date": "2019-05-04",
        "symbol": "WSM",
        "period": "Q1",
        "revenuefromcontractwithcustomerexcludingassessedtax": 67583000,
        "costofgoodssoldandoccupancyexpenses": 796801000,
        "grossprofit": 444331000,
        "sellinggeneralandadministrativeexpense": 370199000,
        "operatingincomeloss": 74132000,
        "netinterestincomeandexpense": 2253000,
        "incomelossfromcontinuingoperationsbeforeincometaxesextraordinaryitemsnoncontrollinginterest": 71879000,
        "incometaxexpensebenefit": 19223000,
        "netincomeloss": 52656000,
        "earningspersharebasic": 0.67,
        "earningspersharediluted": 0.66,
        "weightedaveragenumberofsharesoutstandingbasic": 78683000,
        "weightedaveragenumberofdilutedsharesoutstanding": 79867000,
        "othercomprehensiveincomelossforeigncurrencytransactionandtranslationadjustmentnetoftax": -3009000,
        "othercomprehensiveincomeunrealizedgainlossonderivativesarisingduringperiodnetoftax": 204000,
        "othercomprehensiveincomelossreclassificationadjustmentfromaocionderivativesnetoftax": 67000,
        "comprehensiveincomenetoftax": 49784000,
        "othercomprehensiveincomeunrealizedgainlossonderivativesarisingduringperiodtax": 74000,
        "othercomprehensiveincomelossreclassificationadjustmentfromaocionderivativestax": 24000
    },
    {
        "date": "2019-02-02",
        "symbol": "WSM",
        "period": "Q4",
        "costofgoodssoldandoccupancyexpenses": 3575697000,
        "grossprofit": 2094112000,
        "sellinggeneralandadministrativeexpense": 1649798000,
        "operatingincomeloss": 727852000,
        "netinterestincomeandexpense": 1633000,
        "incomelossfromcontinuingoperationsbeforeincometaxesextraordinaryitemsnoncontrollinginterest": 199220000,
        "incometaxexpensebenefit": 43882000,
        "netincomeloss": 155338000,
        "earningspersharebasic": 1.92,
        "earningspersharediluted": 1.8899999999999997,
        "weightedaveragenumberofsharesoutstandingbasic": -81922000,
        "weightedaveragenumberofdilutedsharesoutstanding": -82820000,
        "othercomprehensiveincomelossforeigncurrencytransactionandtranslationadjustmentnetoftax": 936000,
        "othercomprehensiveincomeunrealizedgainlossonderivativesarisingduringperiodnetoftax": 34000,
        "comprehensiveincomenetoftax": 156022000,
        "othercomprehensiveincomeunrealizedgainlossonderivativesarisingduringperiodtax": 12000,
        "othercomprehensiveincomelossreclassificationadjustmentfromaocionderivativestax": 103000
    },
    {
        "date": "2018-10-27",
        "symbol": "WSM",
        "period": "Q3",
        "revenuefromcontractwithcustomerexcludingassessedtax": 746716000,
        "costofgoodssoldandoccupancyexpenses": -2775000,
        "grossprofit": -14615000,
        "sellinggeneralandadministrativeexpense": -10334000,
        "operatingincomeloss": -102872000,
        "netinterestincomeandexpense": 2288000,
        "incomelossfromcontinuingoperationsbeforeincometaxesextraordinaryitemsnoncontrollinginterest": 92096000,
        "incometaxexpensebenefit": 10631000,
        "netincomeloss": 81465000,
        "earningspersharebasic": 1.01,
        "earningspersharediluted": 1,
        "weightedaveragenumberofsharesoutstandingbasic": 80475000,
        "weightedaveragenumberofdilutedsharesoutstanding": 81641000,
        "othercomprehensiveincomelossforeigncurrencytransactionandtranslationadjustmentnetoftax": -1830000,
        "othercomprehensiveincomeunrealizedgainlossonderivativesarisingduringperiodnetoftax": -65000,
        "othercomprehensiveincomelossreclassificationadjustmentfromaocionderivativesnetoftax": 120000,
        "comprehensiveincomenetoftax": 79450000,
        "othercomprehensiveincomeunrealizedgainlossonderivativesarisingduringperiodtax": -23000,
        "othercomprehensiveincomelossreclassificationadjustmentfromaocionderivativestax": 43000
    },
    {
        "date": "2018-07-28",
        "symbol": "WSM",
        "period": "Q2",
        "costofgoodssoldandoccupancyexpenses": -773093000,
        "grossprofit": -446738000,
        "sellinggeneralandadministrativeexpense": -376522000,
        "operatingincomeloss": -96992000,
        "netinterestincomeandexpense": 1584000,
        "incomelossfromcontinuingoperationsbeforeincometaxesextraordinaryitemsnoncontrollinginterest": 72582000,
        "incometaxexpensebenefit": 20869000,
        "netincomeloss": 51713000,
        "earningspersharebasic": 0.6299999999999999,
        "earningspersharediluted": 0.6199999999999999,
        "weightedaveragenumberofsharesoutstandingbasic": -525000,
        "weightedaveragenumberofdilutedsharesoutstanding": -655000,
        "othercomprehensiveincomelossforeigncurrencytransactionandtranslationadjustmentnetoftax": -2993000,
        "othercomprehensiveincomeunrealizedgainlossonderivativesarisingduringperiodnetoftax": 6000,
        "othercomprehensiveincomelossreclassificationadjustmentfromaocionderivativesnetoftax": 0,
        "comprehensiveincomenetoftax": 48726000,
        "othercomprehensiveincomeunrealizedgainlossonderivativesarisingduringperiodtax": 333000,
        "othercomprehensiveincomelossreclassificationadjustmentfromaocionderivativestax": -21000
    },
    {
        "date": "2018-04-28",
        "symbol": "WSM",
        "period": "Q1",
        "salesrevenuenet": 646180000,
        "costofgoodssoldandoccupancyexpenses": 764692000,
        "grossprofit": 413207000,
        "sellinggeneralandadministrativeexpense": 353352000,
        "operatingincomeloss": -98316000,
        "netinterestincomeandexpense": 1201000,
        "incomelossfromcontinuingoperationsbeforeincometaxesextraordinaryitemsnoncontrollinginterest": 65349000,
        "incometaxexpensebenefit": 20181000,
        "netincomeloss": 45168000,
        "earningspersharebasic": 0.54,
        "earningspersharediluted": 0.54,
        "weightedaveragenumberofsharesoutstandingbasic": 83392000,
        "weightedaveragenumberofdilutedsharesoutstanding": 84174000,
        "othercomprehensiveincomelossforeigncurrencytransactionandtranslationadjustmentnetoftax": -1145000,
        "othercomprehensiveincomeunrealizedgainlossonderivativesarisingduringperiodnetoftax": 1123000,
        "othercomprehensiveincomelossreclassificationadjustmentfromaocionderivativesnetoftax": -49000,
        "comprehensiveincomenetoftax": 45195000,
        "othercomprehensiveincomeunrealizedgainlossonderivativesarisingduringperiodtax": 68000,
        "othercomprehensiveincomelossreclassificationadjustmentfromaocionderivativestax": -3000
    },
    {
        "date": "2018-01-27",
        "symbol": "WSM",
        "period": "Q4",
        "salesrevenuenet": 926622000,
        "costofgoodssoldandoccupancyexpenses": 1033737000,
        "grossprofit": 646173000,
        "sellinggeneralandadministrativeexpense": 447233000,
        "operatingincomeloss": -116041000,
        "netinterestincomeandexpense": 398000,
        "incomelossfromcontinuingoperationsbeforeincometaxesextraordinaryitemsnoncontrollinginterest": 198542000,
        "incometaxexpensebenefit": 102782000,
        "netincomeloss": 95760000,
        "earningspersharebasic": 1.1300000000000001,
        "earningspersharediluted": 1.1200000000000003,
        "weightedaveragenumberofsharesoutstandingbasic": -172739000,
        "weightedaveragenumberofdilutedsharesoutstanding": -173862000,
        "othercomprehensiveincomelossforeigncurrencytransactionandtranslationadjustmentnetoftax": 1866000,
        "othercomprehensiveincomeunrealizedgainlossonderivativesarisingduringperiodnetoftax": -577000,
        "othercomprehensiveincomelossreclassificationadjustmentfromaocionderivativesnetoftax": -243000,
        "comprehensiveincomenetoftax": 97292000,
        "othercomprehensiveincomeunrealizedgainlossonderivativesarisingduringperiodtax": -207000,
        "othercomprehensiveincomelossreclassificationadjustmentfromaocionderivativestax": -86000
    },
    {
        "date": "2017-10-28",
        "symbol": "WSM",
        "period": "Q3",
        "salesrevenuenet": 690045000,
        "costofgoodssoldandoccupancyexpenses": 832269000,
        "grossprofit": 467067000,
        "sellinggeneralandadministrativeexpense": 356254000,
        "operatingincomeloss": -74856000,
        "netinterestincomeandexpense": 594000,
        "incomelossfromcontinuingoperationsbeforeincometaxesextraordinaryitemsnoncontrollinginterest": 110219000,
        "incometaxexpensebenefit": 38906000,
        "netincomeloss": 71313000,
        "earningspersharebasic": 0.84,
        "earningspersharediluted": 0.84,
        "weightedaveragenumberofsharesoutstandingbasic": 84940000,
        "weightedaveragenumberofdilutedsharesoutstanding": 85384000,
        "othercomprehensiveincomelossforeigncurrencytransactionandtranslationadjustmentnetoftax": 40000,
        "othercomprehensiveincomeunrealizedgainlossonderivativesarisingduringperiodnetoftax": 373000,
        "othercomprehensiveincomelossreclassificationadjustmentfromaocionderivativesnetoftax": 128000,
        "comprehensiveincomenetoftax": 71598000,
        "othercomprehensiveincomeunrealizedgainlossonderivativesarisingduringperiodtax": 133000,
        "othercomprehensiveincomelossreclassificationadjustmentfromaocionderivativestax": 45000
    },
    {
        "date": "2017-07-29",
        "symbol": "WSM",
        "period": "Q2",
        "salesrevenuenet": 630793000,
        "costofgoodssoldandoccupancyexpenses": 778895000,
        "grossprofit": 422711000,
        "sellinggeneralandadministrativeexpense": 341127000,
        "operatingincomeloss": -88147000,
        "netinterestincomeandexpense": 483000,
        "incomelossfromcontinuingoperationsbeforeincometaxesextraordinaryitemsnoncontrollinginterest": 81101000,
        "incometaxexpensebenefit": 28184000,
        "netincomeloss": 52917000,
        "earningspersharebasic": 0.61,
        "earningspersharediluted": 0.61,
        "weightedaveragenumberofsharesoutstandingbasic": 86429000,
        "weightedaveragenumberofdilutedsharesoutstanding": 86848000,
        "othercomprehensiveincomelossforeigncurrencytransactionandtranslationadjustmentnetoftax": 3390000,
        "othercomprehensiveincomeunrealizedgainlossonderivativesarisingduringperiodnetoftax": -1166000,
        "othercomprehensiveincomelossreclassificationadjustmentfromaocionderivativesnetoftax": -7000,
        "comprehensiveincomenetoftax": 55148000,
        "othercomprehensiveincomeunrealizedgainlossonderivativesarisingduringperiodtax": -422000,
        "othercomprehensiveincomelossreclassificationadjustmentfromaocionderivativestax": -2000
    },
    {
        "date": "2017-04-29",
        "symbol": "WSM",
        "period": "Q1",
        "salesrevenuenet": 530997000,
        "costofgoodssoldandoccupancyexpenses": 715747000,
        "grossprofit": 395760000,
        "sellinggeneralandadministrativeexpense": 333286000,
        "operatingincomeloss": -91244000,
        "netinterestincomeandexpense": -103000,
        "incomelossfromcontinuingoperationsbeforeincometaxesextraordinaryitemsnoncontrollinginterest": 62577000,
        "incometaxexpensebenefit": 23022000,
        "netincomeloss": 39555000,
        "earningspersharebasic": 0.45,
        "earningspersharediluted": 0.45,
        "weightedaveragenumberofsharesoutstandingbasic": 86962000,
        "weightedaveragenumberofdilutedsharesoutstanding": 87710000,
        "othercomprehensiveincomelossforeigncurrencytransactionandtranslationadjustmentnetoftax": -1566000,
        "othercomprehensiveincomeunrealizedgainlossonderivativesarisingduringperiodnetoftax": 655000,
        "othercomprehensiveincomelossreclassificationadjustmentfromaocionderivativesnetoftax": 16000,
        "comprehensiveincomenetoftax": 38628000,
        "othercomprehensiveincomeunrealizedgainlossonderivativesarisingduringperiodtax": 237000,
        "othercomprehensiveincomelossreclassificationadjustmentfromaocionderivativestax": 5000
    },
    {
        "date": "2017-01-28",
        "symbol": "WSM",
        "period": "Q4",
        "salesrevenuenet": 772639000,
        "costofgoodssoldandoccupancyexpenses": 959550000,
        "grossprofit": 622031000,
        "sellinggeneralandadministrativeexpense": 406212000,
        "operatingincomeloss": -97532000,
        "incomelossfromcontinuingoperationsbeforeincometaxesextraordinaryitemsnoncontrollinginterest": 215718000,
        "incometaxexpensebenefit": 71091000,
        "netincomeloss": 144627000,
        "earningspersharebasic": 1.65,
        "earningspersharediluted": 1.6099999999999999,
        "weightedaveragenumberofsharesoutstandingbasic": -178125000,
        "weightedaveragenumberofdilutedsharesoutstanding": -179932000,
        "othercomprehensiveincomelossforeigncurrencytransactionandtranslationadjustmentnetoftax": 1051000,
        "othercomprehensiveincomeunrealizedgainlossonderivativesarisingduringperiodnetoftax": -329000,
        "othercomprehensiveincomelossreclassificationadjustmentfromaocionderivativesnetoftax": -147000,
        "comprehensiveincomenetoftax": 145496000
    },
    {
        "date": "2016-10-29",
        "symbol": "WSM",
        "period": "Q3",
        "salesrevenuenet": 596642000,
        "costofgoodssoldandoccupancyexpenses": 787162000,
        "grossprofit": 458223000,
        "sellinggeneralandadministrativeexpense": 348244000,
        "operatingincomeloss": -87265000,
        "netinterestincomeandexpense": 488000,
        "incomelossfromcontinuingoperationsbeforeincometaxesextraordinaryitemsnoncontrollinginterest": 109491000,
        "incometaxexpensebenefit": 40113000,
        "netincomeloss": 69378000,
        "earningspersharebasic": 0.78,
        "earningspersharediluted": 0.78,
        "weightedaveragenumberofsharesoutstandingbasic": 88382000,
        "weightedaveragenumberofdilutedsharesoutstanding": 89144000,
        "othercomprehensiveincomelossforeigncurrencytransactionandtranslationadjustmentnetoftax": -1731000,
        "othercomprehensiveincomeunrealizedgainlossonderivativesarisingduringperiodnetoftax": 520000,
        "othercomprehensiveincomelossreclassificationadjustmentfromaocionderivativesnetoftax": -299000,
        "comprehensiveincomenetoftax": 68466000
    },
    {
        "date": "2016-07-30",
        "symbol": "WSM",
        "period": "Q2",
        "salesrevenuenet": 559346000,
        "costofgoodssoldandoccupancyexpenses": 748490000,
        "grossprofit": 410539000,
        "sellinggeneralandadministrativeexpense": 327263000,
        "operatingincomeloss": -82674000,
        "netinterestincomeandexpense": 167000,
        "incomelossfromcontinuingoperationsbeforeincometaxesextraordinaryitemsnoncontrollinginterest": 83109000,
        "incometaxexpensebenefit": 31324000,
        "netincomeloss": 51785000,
        "earningspersharebasic": 0.58,
        "earningspersharediluted": 0.58,
        "weightedaveragenumberofsharesoutstandingbasic": 89039000,
        "weightedaveragenumberofdilutedsharesoutstanding": 89736000,
        "othercomprehensiveincomelossforeigncurrencytransactionandtranslationadjustmentnetoftax": -3005000,
        "othercomprehensiveincomeunrealizedgainlossonderivativesarisingduringperiodnetoftax": 1058000,
        "othercomprehensiveincomelossreclassificationadjustmentfromaocionderivativesnetoftax": 38000,
        "comprehensiveincomenetoftax": 49800000
    },
    {
        "date": "2016-04-30",
        "symbol": "WSM",
        "period": "Q1",
        "salesrevenuenet": 521583000,
        "costofgoodssoldandoccupancyexpenses": 705300000,
        "grossprofit": 392517000,
        "sellinggeneralandadministrativeexpense": 328992000,
        "operatingincomeloss": -98145000,
        "netinterestincomeandexpense": -68000,
        "incomelossfromcontinuingoperationsbeforeincometaxesextraordinaryitemsnoncontrollinginterest": 63593000,
        "incometaxexpensebenefit": 23996000,
        "netincomeloss": 39597000,
        "earningspersharebasic": 0.44,
        "earningspersharediluted": 0.44,
        "weightedaveragenumberofsharesoutstandingbasic": 89298000,
        "weightedaveragenumberofdilutedsharesoutstanding": 90514000,
        "othercomprehensiveincomelossforeigncurrencytransactionandtranslationadjustmentnetoftax": 5208000,
        "othercomprehensiveincomeunrealizedgainlossonderivativesarisingduringperiodnetoftax": -2165000,
        "othercomprehensiveincomelossreclassificationadjustmentfromaocionderivativesnetoftax": 302000,
        "comprehensiveincomenetoftax": 42338000,
        "othercomprehensiveincomeunrealizedgainlossonderivativesarisingduringperiodtax": 768000,
        "othercomprehensiveincomelossreclassificationadjustmentfromaocionderivativestax": 107000
    },
    {
        "date": "2016-01-30",
        "symbol": "WSM",
        "period": "Q4",
        "salesrevenuenet": 791903000,
        "costofgoodssoldandoccupancyexpenses": 978744000,
        "grossprofit": 607560000,
        "sellinggeneralandadministrativeexpense": 384880000,
        "operatingincomeloss": -284330000,
        "netinterestincomeandexpense": 2000,
        "incomelossfromcontinuingoperationsbeforeincometaxesminorityinterestandincomelossfromequitymethodinvestments": 222678000,
        "incometaxexpensebenefit": 81550000,
        "netincomeloss": 141128000,
        "earningspersharebasic": 1.5599999999999998,
        "earningspersharediluted": 1.54,
        "weightedaveragenumberofsharesoutstandingbasic": -182600000,
        "weightedaveragenumberofdilutedsharesoutstanding": -185563000,
        "othercomprehensiveincomelossforeigncurrencytransactionandtranslationadjustmentnetoftax": -3761000,
        "othercomprehensiveincomeunrealizedgainlossonderivativesarisingduringperiodnetoftax": 535000,
        "othercomprehensiveincomelossreclassificationadjustmentfromaocionderivativesnetoftax": 262000,
        "comprehensiveincomenetoftax": 137640000
    },
    {
        "date": "2015-10-31",
        "symbol": "WSM",
        "period": "Q3",
        "salesrevenuenet": 628191000,
        "costofgoodssoldandoccupancyexpenses": 780894000,
        "grossprofit": 451188000,
        "sellinggeneralandadministrativeexpense": 340505000,
        "operatingincomeloss": -76358000,
        "netinterestincomeandexpense": 342000,
        "incomelossfromcontinuingoperationsbeforeincometaxesminorityinterestandincomelossfromequitymethodinvestments": 110341000,
        "incometaxexpensebenefit": 39859000,
        "netincomeloss": 70482000,
        "earningspersharebasic": 0.78,
        "earningspersharediluted": 0.77,
        "weightedaveragenumberofsharesoutstandingbasic": 90437000,
        "weightedaveragenumberofdilutedsharesoutstanding": 91801000,
        "othercomprehensiveincomelossforeigncurrencytransactionandtranslationadjustmentnetoftax": -1370000,
        "othercomprehensiveincomeunrealizedgainlossonderivativesarisingduringperiodnetoftax": 118000,
        "othercomprehensiveincomelossreclassificationadjustmentfromaocionderivativesnetoftax": 250000,
        "comprehensiveincomenetoftax": 68980000
    },
    {
        "date": "2015-08-01",
        "symbol": "WSM",
        "period": "Q2",
        "salesrevenuenet": 569913000,
        "costofgoodssoldandoccupancyexpenses": 720403000,
        "grossprofit": 406625000,
        "sellinggeneralandadministrativeexpense": 323282000,
        "operatingincomeloss": -79621000,
        "netinterestincomeandexpense": 275000,
        "incomelossfromcontinuingoperationsbeforeincometaxesminorityinterestandincomelossfromequitymethodinvestments": 83068000,
        "incometaxexpensebenefit": 29400000,
        "netincomeloss": 53668000,
        "earningspersharebasic": 0.59,
        "earningspersharediluted": 0.58,
        "weightedaveragenumberofsharesoutstandingbasic": 91243000,
        "weightedaveragenumberofdilutedsharesoutstanding": 92564000,
        "othercomprehensiveincomelossforeigncurrencytransactionandtranslationadjustmentnetoftax": -3694000,
        "othercomprehensiveincomeunrealizedgainlossonderivativesarisingduringperiodnetoftax": 800000,
        "othercomprehensiveincomelossreclassificationadjustmentfromaocionderivativesnetoftax": 474000,
        "comprehensiveincomenetoftax": 50300000
    },
    {
        "date": "2015-05-02",
        "symbol": "WSM",
        "period": "Q1",
        "salesrevenuenet": 532573000,
        "costofgoodssoldandoccupancyexpenses": 651835000,
        "grossprofit": 378841000,
        "sellinggeneralandadministrativeexpense": 306913000,
        "operatingincomeloss": 127574000,
        "netinterestincomeandexpense": 8000,
        "incomelossfromcontinuingoperationsbeforeincometaxesminorityinterestandincomelossfromequitymethodinvestments": 71920000,
        "incometaxexpensebenefit": 27130000,
        "netincomeloss": 44790000,
        "earningspersharebasic": 0.49,
        "earningspersharediluted": 0.48,
        "weightedaveragenumberofsharesoutstandingbasic": 91707000,
        "weightedaveragenumberofdilutedsharesoutstanding": 93300000,
        "othercomprehensiveincomelossforeigncurrencytransactionandtranslationadjustmentnetoftax": 867000,
        "othercomprehensiveincomeunrealizedgainlossonderivativesarisingduringperiodnetoftax": -379000,
        "othercomprehensiveincomelossreclassificationadjustmentfromaocionderivativesnetoftax": 198000,
        "comprehensiveincomenetoftax": 45080000
    },
    {
        "date": "2015-01-31",
        "symbol": "WSM",
        "period": "Q4",
        "salesrevenuenet": 775916000,
        "costofgoodssoldandoccupancyexpenses": 923534000,
        "grossprofit": 618591000,
        "sellinggeneralandadministrativeexpense": 380708000,
        "operatingincomeloss": 463727000,
        "netinterestincomeandexpense": -26000,
        "incomelossfromcontinuingoperationsbeforeincometaxesminorityinterestandincomelossfromequitymethodinvestments": 237909000,
        "incometaxexpensebenefit": 90872000,
        "netincomeloss": 147037000,
        "earningspersharebasic": 1.5699999999999996,
        "earningspersharediluted": 1.5500000000000003,
        "weightedaveragenumberofsharesoutstandingbasic": -187405000,
        "weightedaveragenumberofdilutedsharesoutstanding": -191177000,
        "othercomprehensiveincomelossforeigncurrencytransactionandtranslationadjustmentnetoftax": -8368000,
        "othercomprehensiveincomeunrealizedgainlossonderivativesarisingduringperiodnetoftax": 662000,
        "othercomprehensiveincomelossreclassificationadjustmentfromaocionderivativesnetoftax": 46000,
        "comprehensiveincomenetoftax": 139285000
    },
    {
        "date": "2014-11-01",
        "symbol": "WSM",
        "period": "Q3",
        "salesrevenuenet": 586976000,
        "costofgoodssoldandoccupancyexpenses": 711755000,
        "grossprofit": 431407000,
        "sellinggeneralandadministrativeexpense": 326687000,
        "operatingincomeloss": 136617000,
        "netinterestincomeandexpense": 117000,
        "incomelossfromcontinuingoperationsbeforeincometaxesminorityinterestandincomelossfromequitymethodinvestments": 104603000,
        "incometaxexpensebenefit": 39695000,
        "netincomeloss": 64908000,
        "earningspersharebasic": 0.7,
        "earningspersharediluted": 0.68,
        "weightedaveragenumberofsharesoutstandingbasic": 93067000,
        "weightedaveragenumberofdilutedsharesoutstanding": 94920000,
        "othercomprehensiveincomelossforeigncurrencytransactionandtranslationadjustmentnetoftax": -2880000,
        "othercomprehensiveincomeunrealizedgainlossonderivativesarisingduringperiodnetoftax": 351000,
        "othercomprehensiveincomelossreclassificationadjustmentfromaocionderivativesnetoftax": 7000,
        "comprehensiveincomenetoftax": 62372000
    },
    {
        "date": "2014-08-02",
        "symbol": "WSM",
        "period": "Q2",
        "salesrevenuenet": 516513000,
        "costofgoodssoldandoccupancyexpenses": 657004000,
        "grossprofit": 382098000,
        "sellinggeneralandadministrativeexpense": 296762000,
        "operatingincomeloss": 37058000,
        "netinterestincomeandexpense": 40000,
        "incomelossfromcontinuingoperationsbeforeincometaxesminorityinterestandincomelossfromequitymethodinvestments": 85296000,
        "incometaxexpensebenefit": 34549000,
        "netincomeloss": 50747000,
        "earningspersharebasic": 0.54,
        "earningspersharediluted": 0.53,
        "weightedaveragenumberofsharesoutstandingbasic": 93979000,
        "weightedaveragenumberofdilutedsharesoutstanding": 95839000,
        "othercomprehensiveincomelossforeigncurrencytransactionandtranslationadjustmentnetoftax": 545000,
        "othercomprehensiveincomeunrealizedgainlossonderivativesarisingduringperiodnetoftax": 91000,
        "othercomprehensiveincomelossreclassificationadjustmentfromaocionderivativesnetoftax": 287000,
        "comprehensiveincomenetoftax": 51096000
    },
    {
        "date": "2014-05-03",
        "symbol": "WSM",
        "period": "Q1",
        "salesrevenuenet": 491289000,
        "costofgoodssoldandoccupancyexpenses": 605922000,
        "grossprofit": 368408000,
        "sellinggeneralandadministrativeexpense": 294082000,
        "operatingincomeloss": -77006000,
        "netinterestincomeandexpense": -69000,
        "incomelossfromcontinuingoperationsbeforeincometaxesminorityinterestandincomelossfromequitymethodinvestments": 74395000,
        "incometaxexpensebenefit": 28233000,
        "netincomeloss": 46162000,
        "earningspersharebasic": 0.49,
        "earningspersharediluted": 0.48,
        "weightedaveragenumberofsharesoutstandingbasic": 93993000,
        "weightedaveragenumberofdilutedsharesoutstanding": 95618000,
        "othercomprehensiveincomelossforeigncurrencytransactionandtranslationadjustmentnetoftax": 1398000,
        "othercomprehensiveincomeunrealizedgainlossonderivativesarisingduringperiodnetoftax": -298000,
        "othercomprehensiveincomelossreclassificationadjustmentfromaocionderivativesnetoftax": 233000,
        "comprehensiveincomenetoftax": 47029000
    },
    {
        "date": "2014-02-01",
        "symbol": "WSM",
        "period": "Q4",
        "salesrevenuenet": 706407000,
        "costofgoodssoldandoccupancyexpenses": 870605000,
        "grossprofit": 595719000,
        "sellinggeneralandadministrativeexpense": 377984000,
        "operatingincomeloss": -249974000,
        "netinterestincomeandexpense": -167000,
        "incomelossfromcontinuingoperationsbeforeincometaxesminorityinterestandincomelossfromequitymethodinvestments": 217902000,
        "incometaxexpensebenefit": 84104000,
        "netincomeloss": 133798000,
        "earningspersharebasic": 1.4000000000000004,
        "earningspersharediluted": 1.3499999999999996,
        "weightedaveragenumberofsharesoutstandingbasic": -193380000,
        "weightedaveragenumberofdilutedsharesoutstanding": -197570000,
        "othercomprehensiveincomelossforeigncurrencytransactionandtranslationadjustmentnetoftax": -4295000,
        "othercomprehensiveincomeunrealizedgainlossonderivativesarisingduringperiodnetoftax": 628000,
        "comprehensiveincomenetoftax": 130033000
    },
    {
        "date": "2013-11-02",
        "symbol": "WSM",
        "period": "Q3",
        "salesrevenuenet": 511874000,
        "costofgoodssoldandoccupancyexpenses": 646160000,
        "grossprofit": 405388000,
        "sellinggeneralandadministrativeexpense": 312894000,
        "operatingincomeloss": -73892000,
        "netinterestincomeandexpense": -103000,
        "incomelossfromcontinuingoperationsbeforeincometaxesminorityinterestandincomelossfromequitymethodinvestments": 92597000,
        "incometaxexpensebenefit": 35878000,
        "netincomeloss": 56719000,
        "earningspersharebasic": 0.59,
        "earningspersharediluted": 0.58,
        "weightedaveragenumberofsharesoutstandingbasic": 95453000,
        "weightedaveragenumberofdilutedsharesoutstanding": 97863000,
        "othercomprehensiveincomelossforeigncurrencytransactionandtranslationadjustmentnetoftax": 941000,
        "othercomprehensiveincomeunrealizedgainlossonderivativesarisingduringperiodnetoftax": 119000,
        "othercomprehensiveincomelossreclassificationadjustmentfromaocionderivativesnetoftax": 31000,
        "comprehensiveincomenetoftax": 57748000
    },
    {
        "date": "2013-08-03",
        "symbol": "WSM",
        "period": "Q2",
        "salesrevenuenet": 477657000,
        "costofgoodssoldandoccupancyexpenses": 613285000,
        "grossprofit": 368924000,
        "sellinggeneralandadministrativeexpense": 290838000,
        "operatingincomeloss": -71014000,
        "netinterestincomeandexpense": -125000,
        "incomelossfromcontinuingoperationsbeforeincometaxesminorityinterestandincomelossfromequitymethodinvestments": 78211000,
        "incometaxexpensebenefit": 29292000,
        "netincomeloss": 48919000,
        "earningspersharebasic": 0.5,
        "earningspersharediluted": 0.49,
        "weightedaveragenumberofsharesoutstandingbasic": 96892000,
        "weightedaveragenumberofdilutedsharesoutstanding": 98957000,
        "othercomprehensiveincomelossforeigncurrencytransactionandtranslationadjustmentnetoftax": -3148000,
        "othercomprehensiveincomeunrealizedgainlossonderivativesarisingduringperiodnetoftax": 292000,
        "comprehensiveincomenetoftax": 46063000
    },
    {
        "date": "2013-05-04",
        "symbol": "WSM",
        "period": "Q1",
        "salesrevenuenet": 419084000,
        "costofgoodssoldandoccupancyexpenses": 553623000,
        "grossprofit": 334185000,
        "sellinggeneralandadministrativeexpense": 270402000,
        "operatingincomeloss": 95941000,
        "netinterestincomeandexpense": -189000,
        "incomelossfromcontinuingoperationsbeforeincometaxesminorityinterestandincomelossfromequitymethodinvestments": 63972000,
        "incometaxexpensebenefit": 24506000,
        "netincomeloss": 39466000,
        "earningspersharebasic": 0.4,
        "earningspersharediluted": 0.4,
        "weightedaveragenumberofsharesoutstandingbasic": 97704000,
        "weightedaveragenumberofdilutedsharesoutstanding": 99515000,
        "othercomprehensiveincomelossforeigncurrencytransactionandtranslationadjustmentnetoftax": -1348000,
        "othercomprehensiveincomeunrealizedgainlossonderivativesarisingduringperiodnetoftax": -169000,
        "comprehensiveincomenetoftax": 37949000
    },
    {
        "date": "2013-02-02",
        "symbol": "WSM",
        "period": "Q4",
        "salesrevenuenet": 564703000,
        "costofgoodssoldandoccupancyexpenses": 825687000,
        "grossprofit": 580732000,
        "sellinggeneralandadministrativeexpense": 370291000,
        "operatingincomeloss": 188491000,
        "netinterestincomeandexpense": -261000,
        "incomelossfromcontinuingoperationsbeforeincometaxesminorityinterestandincomelossfromequitymethodinvestments": 210702000,
        "incometaxexpensebenefit": 76968000,
        "netincomeloss": 133734000,
        "earningspersharebasic": 1.3399999999999999,
        "earningspersharediluted": 1.3199999999999998,
        "weightedaveragenumberofsharesoutstandingbasic": -198559000,
        "weightedaveragenumberofdilutedsharesoutstanding": -202141000
    },
    {
        "date": "2012-10-27",
        "symbol": "WSM",
        "period": "Q3",
        "salesrevenuenet": 447115000,
        "costofgoodssoldandoccupancyexpenses": 576556000,
        "grossprofit": 367998000,
        "sellinggeneralandadministrativeexpense": 288702000,
        "operatingincomeloss": 100769000,
        "netinterestincomeandexpense": -173000,
        "incomelossfromcontinuingoperationsbeforeincometaxesminorityinterestandincomelossfromequitymethodinvestments": 79469000,
        "incometaxexpensebenefit": 30569000,
        "netincomeloss": 48900000,
        "earningspersharebasic": 0.5,
        "earningspersharediluted": 0.49,
        "weightedaveragenumberofsharesoutstandingbasic": 98444000,
        "weightedaveragenumberofdilutedsharesoutstanding": 100418000,
        "othercomprehensiveincomelossforeigncurrencytransactionandtranslationadjustmentnetoftax": 1325000,
        "comprehensiveincomenetoftax": 50225000
    },
    {
        "date": "2012-07-28",
        "symbol": "WSM",
        "period": "Q2",
        "salesrevenuenet": 414361000,
        "costofgoodssoldandoccupancyexpenses": 539803000,
        "grossprofit": 334480000,
        "sellinggeneralandadministrativeexpense": 264377000,
        "operatingincomeloss": 95223000,
        "netinterestincomeandexpense": -168000,
        "incomelossfromcontinuingoperationsbeforeincometaxesminorityinterestandincomelossfromequitymethodinvestments": 70271000,
        "incometaxexpensebenefit": 26891000,
        "netincomeloss": 43380000,
        "earningspersharebasic": 0.44,
        "earningspersharediluted": 0.43,
        "weightedaveragenumberofsharesoutstandingbasic": 99209000,
        "weightedaveragenumberofdilutedsharesoutstanding": 100818000,
        "othercomprehensiveincomelossforeigncurrencytransactionandtranslationadjustmentnetoftax": -1374000,
        "comprehensiveincomenetoftax": 42006000
    },
    {
        "date": "2012-04-28",
        "symbol": "WSM",
        "period": "Q1",
        "salesrevenuenet": 443207000,
        "costofgoodssoldandoccupancyexpenses": 508348000,
        "grossprofit": 309266000,
        "sellinggeneralandadministrativeexpense": 259943000,
        "operatingincomeloss": 34353000,
        "netinterestincomeandexpense": -191000,
        "incomelossfromcontinuingoperationsbeforeincometaxesminorityinterestandincomelossfromequitymethodinvestments": 49514000,
        "incometaxexpensebenefit": 18798000,
        "netincomeloss": 30716000,
        "earningspersharebasic": 0.31,
        "earningspersharediluted": 0.3,
        "weightedaveragenumberofsharesoutstandingbasic": 100172000,
        "weightedaveragenumberofdilutedsharesoutstanding": 101956000,
        "othercomprehensiveincomeforeigncurrencytransactionandtranslationadjustmentnetoftaxperiodincreasedecrease": 1073000,
        "othercomprehensiveincomelossnetoftaxperiodincreasedecrease": 31789000
    },
    {
        "date": "2011-10-29",
        "symbol": "WSM",
        "period": "Q3",
        "salesrevenuenet": 477523000,
        "costofgoodssoldandoccupancyexpenses": 535213000,
        "grossprofit": 331963000,
        "sellinggeneralandadministrativeexpense": 263219000,
        "netinterestincomeandexpense": -7000,
        "incomelossfromcontinuingoperationsbeforeincometaxesminorityinterestandincomelossfromequitymethodinvestments": 46110000,
        "incometaxexpensebenefit": 25330000,
        "netincomeloss": 43421000,
        "earningspersharebasic": 0.42,
        "earningspersharediluted": 0.41,
        "weightedaveragenumberofsharesoutstandingbasic": 103651000,
        "weightedaveragenumberofdilutedsharesoutstanding": 105721000
    },
    {
        "date": "2011-07-30",
        "symbol": "WSM",
        "period": "Q2",
        "salesrevenuenet": 446709000,
        "costofgoodssoldandoccupancyexpenses": 506029000,
        "grossprofit": 308721000,
        "sellinggeneralandadministrativeexpense": 244636000,
        "netinterestincomeandexpense": 69000,
        "incomelossfromcontinuingoperationsbeforeincometaxesminorityinterestandincomelossfromequitymethodinvestments": 38275000,
        "incometaxexpensebenefit": 24707000,
        "netincomeloss": 39309000,
        "earningspersharebasic": 0.38,
        "earningspersharediluted": 0.37,
        "weightedaveragenumberofsharesoutstandingbasic": 104467000,
        "weightedaveragenumberofdilutedsharesoutstanding": 106766000
    },
    {
        "date": "2011-04-30",
        "symbol": "WSM",
        "period": "Q1",
        "salesrevenuenet": 770825000,
        "costofgoodssoldandoccupancyexpenses": 474942000,
        "grossprofit": 295883000,
        "sellinggeneralandadministrativeexpense": 244183000,
        "netinterestincomeexpense": 1000,
        "incomelossfromcontinuingoperationsbeforeincometaxesminorityinterestandincomelossfromequitymethodinvestments": 51699000,
        "incometaxexpensebenefit": 20084000,
        "netincomeloss": 31615000,
        "earningspersharebasic": 0.3,
        "earningspersharediluted": 0.29,
        "weightedaveragenumberofsharesoutstandingbasic": 104918000,
        "weightedaveragenumberofdilutedsharesoutstanding": 107183000
    },
    {
        "date": "2010-10-30",
        "symbol": "WSM",
        "period": "Q3",
        "salesrevenuenet": 815516000,
        "costofgoodssoldandoccupancyexpenses": 504235000,
        "grossprofit": 311281000,
        "sellinggeneralandadministrativeexpense": 255119000,
        "netinterestincomeexpense": 78000,
        "incomelossfromcontinuingoperationsbeforeincometaxesminorityinterestandincomelossfromequitymethodinvestments": 56084000,
        "incometaxexpensebenefit": 19554000,
        "netincomeloss": 36530000,
        "earningspersharebasic": 0.34,
        "earningspersharediluted": 0.34,
        "weightedaveragenumberofsharesoutstandingbasic": 106152000,
        "weightedaveragenumberofdilutedsharesoutstanding": 108908000
    },
    {
        "date": "2010-07-31",
        "symbol": "WSM",
        "period": "Q2",
        "salesrevenuenet": 775554000,
        "costofgoodssoldandoccupancyexpenses": 488827000,
        "grossprofit": 286727000,
        "sellinggeneralandadministrativeexpense": 235530000,
        "netinterestincomeexpense": -123000,
        "incomelossfromcontinuingoperationsbeforeincometaxesminorityinterestandincomelossfromequitymethodinvestments": 51074000,
        "incometaxexpensebenefit": 20315000,
        "netincomeloss": 30759000,
        "earningspersharebasic": 0.29,
        "earningspersharediluted": 0.28,
        "weightedaveragenumberofsharesoutstandingbasic": 107668000,
        "weightedaveragenumberofdilutedsharesoutstanding": 110224000
    }
]