[
    {
        "date": "2024-09-29",
        "symbol": "ROP",
        "period": "Q3",
        "revenuefromcontractwithcustomerexcludingassessedtax": 1764600000,
        "costofrevenue": 542900000,
        "grossprofit": 1221700000,
        "sellinggeneralandadministrativeexpense": 725100000,
        "operatingincomeloss": 496600000,
        "interestexpensenonoperating": 67700000,
        "incomelossfromequitymethodinvestments": -1800000,
        "nonoperatingincomeexpense": 900000,
        "incomelossfromcontinuingoperationsbeforeincometaxesextraordinaryitemsnoncontrollinginterest": 467200000,
        "incometaxexpensebenefit": 99300000,
        "incomelossfromcontinuingoperations": 367900000,
        "netincomeloss": 367900000,
        "incomelossfromcontinuingoperationsperbasicshare": 3.43,
        "incomelossfromcontinuingoperationsperdilutedshare": 3.4,
        "earningspersharebasic": 3.43,
        "earningspersharediluted": 3.4,
        "weightedaveragenumberofsharesoutstandingbasic": 107200000,
        "weightedaveragenumberofdilutedsharesoutstanding": 108100000,
        "othercomprehensiveincomeforeigncurrencytransactionandtranslationadjustmentnetoftaxportionattributabletoparent": 35400000,
        "othercomprehensiveincomelossnetoftaxportionattributabletoparent": 35400000,
        "comprehensiveincomenetoftax": 403300000
    },
    {
        "date": "2024-06-29",
        "symbol": "ROP",
        "period": "Q2",
        "revenuefromcontractwithcustomerexcludingassessedtax": 1716800000,
        "costofrevenue": 523500000,
        "grossprofit": 1193300000,
        "sellinggeneralandadministrativeexpense": 699100000,
        "operatingincomeloss": 494200000,
        "interestexpense": 67500000,
        "incomelossfromequitymethodinvestments": -800000,
        "nonoperatingincomeexpense": -600000,
        "incomelossfromcontinuingoperationsbeforeincometaxesextraordinaryitemsnoncontrollinginterest": 425300000,
        "incometaxexpensebenefit": 88200000,
        "incomelossfromcontinuingoperations": 337100000,
        "netincomeloss": 337100000,
        "incomelossfromcontinuingoperationsperbasicshare": 3.15,
        "incomelossfromcontinuingoperationsperdilutedshare": 3.12,
        "earningspersharebasic": 3.15,
        "earningspersharediluted": 3.12,
        "weightedaveragenumberofsharesoutstandingbasic": 107100000,
        "weightedaveragenumberofdilutedsharesoutstanding": 107900000,
        "othercomprehensiveincomeforeigncurrencytransactionandtranslationadjustmentnetoftaxportionattributabletoparent": -900000,
        "othercomprehensiveincomelossnetoftaxportionattributabletoparent": -900000,
        "comprehensiveincomenetoftax": 336200000
    },
    {
        "date": "2024-03-30",
        "symbol": "ROP",
        "period": "Q1",
        "revenuefromcontractwithcustomerexcludingassessedtax": 1680700000,
        "costofrevenue": 499700000,
        "grossprofit": 1181000000,
        "sellinggeneralandadministrativeexpense": 699700000,
        "operatingincomeloss": 481300000,
        "interestexpense": 53200000,
        "incomelossfromequitymethodinvestments": 57000000,
        "nonoperatingincomeexpense": -1200000,
        "incomelossfromcontinuingoperationsbeforeincometaxesextraordinaryitemsnoncontrollinginterest": 483900000,
        "incometaxexpensebenefit": 101900000,
        "incomelossfromcontinuingoperations": 382000000,
        "netincomeloss": 382000000,
        "incomelossfromcontinuingoperationsperbasicshare": 3.57,
        "incomelossfromcontinuingoperationsperdilutedshare": 3.54,
        "earningspersharebasic": 3.57,
        "earningspersharediluted": 3.54,
        "weightedaveragenumberofsharesoutstandingbasic": 107000000,
        "weightedaveragenumberofdilutedsharesoutstanding": 107900000,
        "othercomprehensiveincomeforeigncurrencytransactionandtranslationadjustmentnetoftaxportionattributabletoparent": -19100000,
        "othercomprehensiveincomelossnetoftaxportionattributabletoparent": -19100000,
        "comprehensiveincomenetoftax": 362900000
    },
    {
        "date": "2023-12-30",
        "symbol": "ROP",
        "period": "Q4",
        "revenuefromcontractwithcustomerexcludingassessedtax": 3901800000,
        "costofrevenue": 488300000,
        "grossprofit": 2780000000,
        "sellinggeneralandadministrativeexpense": 662400000,
        "operatingincomeloss": 462800000,
        "interestexpense": 50100000,
        "incomelossfromequitymethodinvestments": 75200000,
        "nonoperatingincomeexpense": -2700000,
        "incomelossfromcontinuingoperationsbeforeincometaxesextraordinaryitemsnoncontrollinginterest": 476700000,
        "incometaxexpensebenefit": 99200000,
        "incomelossfromcontinuingoperations": 377500000,
        "incomelossfromdiscontinuedoperationsnetoftaxattributabletoreportingentity": 11500000,
        "netincomeloss": 389000000,
        "incomelossfromcontinuingoperationsperbasicshare": 3.54,
        "incomelossfromcontinuingoperationsperdilutedshare": 3.5100000000000016,
        "discontinuedoperationincomelossfromdiscontinuedoperationnetoftaxperbasicshare": 0.09999999999999999,
        "discontinuedoperationincomelossfromdiscontinuedoperationnetoftaxperdilutedshare": 0.11,
        "earningspersharebasic": 3.6400000000000006,
        "earningspersharediluted": 3.6199999999999997,
        "weightedaveragenumberofsharesoutstandingbasic": 106600000,
        "weightedaveragenumberofdilutedsharesoutstanding": 107400000,
        "othercomprehensiveincomeforeigncurrencytransactionandtranslationadjustmentnetoftaxportionattributabletoparent": 54000000,
        "othercomprehensiveincomelossnetoftaxportionattributabletoparent": 54000000,
        "comprehensiveincomenetoftax": 443000000
    },
    {
        "date": "2023-09-29",
        "symbol": "ROP",
        "period": "Q3",
        "revenuefromcontractwithcustomerexcludingassessedtax": 1563400000,
        "costofrevenue": 467100000,
        "grossprofit": 1096300000,
        "sellinggeneralandadministrativeexpense": 650200000,
        "operatingincomeloss": 446100000,
        "interestexpense": 42400000,
        "incomelossfromequitymethodinvestments": 33900000,
        "nonoperatingincomeexpense": 5000000,
        "incomelossfromcontinuingoperationsbeforeincometaxesextraordinaryitemsnoncontrollinginterest": 442600000,
        "incometaxexpensebenefit": 97000000,
        "incomelossfromcontinuingoperations": 345600000,
        "discontinuedoperationincomelossfromdiscontinuedoperationduringphaseoutperiodnetoftax": -2900000,
        "discontinuedoperationgainlossondisposalofdiscontinuedoperationnetoftax": 4500000,
        "incomelossfromdiscontinuedoperationsnetoftaxattributabletoreportingentity": 1600000,
        "netincomeloss": 347200000,
        "incomelossfromcontinuingoperationsperbasicshare": 3.23,
        "incomelossfromcontinuingoperationsperdilutedshare": 3.21,
        "discontinuedoperationincomelossfromdiscontinuedoperationnetoftaxperbasicshare": 0.02,
        "discontinuedoperationincomelossfromdiscontinuedoperationnetoftaxperdilutedshare": 0.02,
        "earningspersharebasic": 3.25,
        "earningspersharediluted": 3.23,
        "weightedaveragenumberofsharesoutstandingbasic": 106700000,
        "weightedaveragenumberofdilutedsharesoutstanding": 107600000,
        "othercomprehensiveincomeforeigncurrencytransactionandtranslationadjustmentnetoftaxportionattributabletoparent": -50100000,
        "othercomprehensiveincomelossnetoftaxportionattributabletoparent": -50100000,
        "comprehensiveincomenetoftax": 297100000
    },
    {
        "date": "2023-06-29",
        "symbol": "ROP",
        "period": "Q2",
        "revenuefromcontractwithcustomerexcludingassessedtax": 358100000,
        "costofrevenue": 464100000,
        "grossprofit": 232200000,
        "sellinggeneralandadministrativeexpense": 631800000,
        "operatingincomeloss": 435300000,
        "interestexpense": 34800000,
        "incomelossfromequitymethodinvestments": 57500000,
        "nonoperatingincomeexpense": -2800000,
        "incomelossfromcontinuingoperationsbeforeincometaxesextraordinaryitemsnoncontrollinginterest": 463700000,
        "incometaxexpensebenefit": 102700000,
        "incomelossfromcontinuingoperations": 361000000,
        "discontinuedoperationincomelossfromdiscontinuedoperationduringphaseoutperiodnetoftax": 0,
        "incomelossfromdiscontinuedoperationsnetoftaxattributabletoreportingentity": 3900000,
        "netincomeloss": 364900000,
        "incomelossfromcontinuingoperationsperbasicshare": 3.3899999999999997,
        "incomelossfromcontinuingoperationsperdilutedshare": 3.3599999999999994,
        "discontinuedoperationincomelossfromdiscontinuedoperationnetoftaxperbasicshare": 0.04,
        "discontinuedoperationincomelossfromdiscontinuedoperationnetoftaxperdilutedshare": 0.03,
        "earningspersharebasic": 3.4299999999999997,
        "earningspersharediluted": 3.39,
        "weightedaveragenumberofsharesoutstandingbasic": 100000,
        "weightedaveragenumberofdilutedsharesoutstanding": 200000,
        "othercomprehensiveincomeforeigncurrencytransactionandtranslationadjustmentnetoftaxportionattributabletoparent": 36200000,
        "othercomprehensiveincomelossnetoftaxportionattributabletoparent": 36200000,
        "comprehensiveincomenetoftax": 401100000
    },
    {
        "date": "2023-03-30",
        "symbol": "ROP",
        "period": "Q1",
        "revenuefromcontractwithcustomerexcludingassessedtax": 354500000,
        "costofrevenue": 451100000,
        "grossprofit": 198700000,
        "sellinggeneralandadministrativeexpense": 617600000,
        "operatingincomeloss": 401000000,
        "interestexpense": 37400000,
        "incomelossfromequitymethodinvestments": -1200000,
        "nonoperatingincomeexpense": -2300000,
        "incomelossfromcontinuingoperationsbeforeincometaxesextraordinaryitemsnoncontrollinginterest": 360100000,
        "incometaxexpensebenefit": 75800000,
        "incomelossfromcontinuingoperations": 284300000,
        "discontinuedoperationincomelossfromdiscontinuedoperationduringphaseoutperiodnetoftax": -1200000,
        "incomelossfromdiscontinuedoperationsnetoftaxattributabletoreportingentity": -1200000,
        "netincomeloss": 283100000,
        "incomelossfromcontinuingoperationsperbasicshare": 2.67,
        "incomelossfromcontinuingoperationsperdilutedshare": 2.66,
        "discontinuedoperationincomelossfromdiscontinuedoperationnetoftaxperbasicshare": -0.01,
        "discontinuedoperationincomelossfromdiscontinuedoperationnetoftaxperdilutedshare": -0.01,
        "earningspersharebasic": 2.66,
        "earningspersharediluted": 2.65,
        "weightedaveragenumberofsharesoutstandingbasic": 106300000,
        "weightedaveragenumberofdilutedsharesoutstanding": 107000000,
        "othercomprehensiveincomeforeigncurrencytransactionandtranslationadjustmentnetoftaxportionattributabletoparent": 24100000,
        "othercomprehensiveincomelossnetoftaxportionattributabletoparent": 24100000,
        "comprehensiveincomenetoftax": 307200000
    },
    {
        "date": "2022-12-30",
        "symbol": "ROP",
        "period": "Q4",
        "revenuefromcontractwithcustomerexcludingassessedtax": -439600000,
        "costofrevenue": 314700000,
        "grossprofit": 3281300000,
        "sellinggeneralandadministrativeexpense": 522100000,
        "operatingincomeloss": 347300000,
        "interestexpense": 53800000,
        "nonoperatingincomeexpense": -50500000,
        "incomelossfromcontinuingoperationsbeforeincometaxesextraordinaryitemsnoncontrollinginterest": 243000000,
        "incometaxexpensebenefit": 46900000,
        "incomelossfromcontinuingoperations": 196100000,
        "discontinuedoperationincomelossfromdiscontinuedoperationduringphaseoutperiodnetoftax": 68100000,
        "discontinuedoperationgainlossondisposalofdiscontinuedoperationnetoftax": 1643900000,
        "incomelossfromdiscontinuedoperationsnetoftaxattributabletoreportingentity": 102700000,
        "netincomeloss": 1928400000,
        "incomelossfromcontinuingoperationsperbasicshare": 1.850000000000001,
        "incomelossfromcontinuingoperationsperdilutedshare": 1.830000000000001,
        "discontinuedoperationincomelossfromdiscontinuedoperationnetoftaxperbasicshare": 16.320000000000004,
        "discontinuedoperationincomelossfromdiscontinuedoperationnetoftaxperdilutedshare": 16.200000000000006,
        "earningspersharebasic": 18.170000000000005,
        "earningspersharediluted": 18.02999999999999,
        "weightedaveragenumberofsharesoutstandingbasic": -211600000,
        "weightedaveragenumberofdilutedsharesoutstanding": -213500000,
        "othercomprehensiveincomeforeigncurrencytransactionandtranslationadjustmentnetoftaxportionattributabletoparent": 281700000,
        "othercomprehensiveincomelossnetoftaxportionattributabletoparent": 281700000,
        "comprehensiveincomenetoftax": 2210100000
    },
    {
        "date": "2022-09-29",
        "symbol": "ROP",
        "period": "Q3",
        "revenuefromcontractwithcustomerexcludingassessedtax": 346600000,
        "costofrevenue": 408500000,
        "grossprofit": 207700000,
        "sellinggeneralandadministrativeexpense": 548600000,
        "operatingincomeloss": 393200000,
        "interestexpense": 41300000,
        "nonoperatingincomeexpense": 3600000,
        "incomelossfromcontinuingoperationsbeforeincometaxesextraordinaryitemsnoncontrollinginterest": 355500000,
        "incometaxexpensebenefit": 78600000,
        "incomelossfromcontinuingoperations": 276900000,
        "discontinuedoperationincomelossfromdiscontinuedoperationduringphaseoutperiodnetoftax": 49000000,
        "discontinuedoperationgainlossondisposalofdiscontinuedoperationnetoftax": 1100000,
        "incomelossfromdiscontinuedoperationsnetoftaxattributabletoreportingentity": 1100000,
        "netincomeloss": 327000000,
        "incomelossfromcontinuingoperationsperbasicshare": 2.61,
        "incomelossfromcontinuingoperationsperdilutedshare": 2.59,
        "discontinuedoperationincomelossfromdiscontinuedoperationnetoftaxperbasicshare": 0.47,
        "discontinuedoperationincomelossfromdiscontinuedoperationnetoftaxperdilutedshare": 0.47,
        "earningspersharebasic": 3.08,
        "earningspersharediluted": 3.06,
        "weightedaveragenumberofsharesoutstandingbasic": 106000000,
        "weightedaveragenumberofdilutedsharesoutstanding": 106800000,
        "othercomprehensiveincomeforeigncurrencytransactionandtranslationadjustmentnetoftaxportionattributabletoparent": -180900000,
        "othercomprehensiveincomelossnetoftaxportionattributabletoparent": -180900000,
        "comprehensiveincomenetoftax": 146100000
    },
    {
        "date": "2022-06-29",
        "symbol": "ROP",
        "period": "Q2",
        "revenuefromcontractwithcustomerexcludingassessedtax": 342900000,
        "costofrevenue": 399300000,
        "grossprofit": 191500000,
        "sellinggeneralandadministrativeexpense": 548600000,
        "operatingincomeloss": 362900000,
        "interestexpense": 44700000,
        "nonoperatingincomeexpense": -1300000,
        "incomelossfromcontinuingoperationsbeforeincometaxesextraordinaryitemsnoncontrollinginterest": 316900000,
        "incometaxexpensebenefit": 91900000,
        "incomelossfromcontinuingoperations": 225000000,
        "discontinuedoperationincomelossfromdiscontinuedoperationduringphaseoutperiodnetoftax": 54500000,
        "discontinuedoperationgainlossondisposalofdiscontinuedoperationnetoftax": -10700000,
        "incomelossfromdiscontinuedoperationsnetoftaxattributabletoreportingentity": -10700000,
        "netincomeloss": 268800000,
        "incomelossfromcontinuingoperationsperbasicshare": 2.13,
        "incomelossfromcontinuingoperationsperdilutedshare": 2.11,
        "discontinuedoperationincomelossfromdiscontinuedoperationnetoftaxperbasicshare": 0.41,
        "discontinuedoperationincomelossfromdiscontinuedoperationnetoftaxperdilutedshare": 0.41,
        "earningspersharebasic": 2.54,
        "earningspersharediluted": 2.52,
        "weightedaveragenumberofsharesoutstandingbasic": 105900000,
        "weightedaveragenumberofdilutedsharesoutstanding": 106800000,
        "othercomprehensiveincomeforeigncurrencytransactionandtranslationadjustmentnetoftaxportionattributabletoparent": -81800000,
        "othercomprehensiveincomelossnetoftaxportionattributabletoparent": -81800000,
        "comprehensiveincomenetoftax": 187000000
    },
    {
        "date": "2022-03-30",
        "symbol": "ROP",
        "period": "Q1",
        "revenuefromcontractwithcustomerexcludingassessedtax": 556600000,
        "costofrevenue": 496500000,
        "grossprofit": 72300000,
        "sellinggeneralandadministrativeexpense": 609000000,
        "operatingincomeloss": 421100000,
        "interestexpense": 52600000,
        "nonoperatingincomeexpense": -1900000,
        "incomelossfromcontinuingoperationsbeforeincometaxesextraordinaryitemsnoncontrollinginterest": 366600000,
        "incometaxexpensebenefit": 79000000,
        "incomelossfromcontinuingoperations": 287600000,
        "discontinuedoperationincomelossfromdiscontinuedoperationduringphaseoutperiodnetoftax": 15600000,
        "discontinuedoperationgainlossondisposalofdiscontinuedoperationnetoftax": 4500000,
        "incomelossfromdiscontinuedoperationsnetoftaxattributabletoreportingentity": 1732900000,
        "netincomeloss": 2020500000,
        "incomelossfromcontinuingoperationsperbasicshare": 2.72,
        "incomelossfromcontinuingoperationsperdilutedshare": 2.7,
        "discontinuedoperationincomelossfromdiscontinuedoperationnetoftaxperbasicshare": 16.41,
        "discontinuedoperationincomelossfromdiscontinuedoperationnetoftaxperdilutedshare": 16.24,
        "earningspersharebasic": 19.13,
        "earningspersharediluted": 18.94,
        "weightedaveragenumberofsharesoutstandingbasic": 105600000,
        "weightedaveragenumberofdilutedsharesoutstanding": 106700000,
        "othercomprehensiveincomeforeigncurrencytransactionandtranslationadjustmentnetoftaxportionattributabletoparent": -22900000,
        "othercomprehensiveincomelossnetoftaxportionattributabletoparent": -22900000,
        "comprehensiveincomenetoftax": 1997600000
    },
    {
        "date": "2021-12-30",
        "symbol": "ROP",
        "period": "Q4",
        "revenuefromcontractwithcustomerexcludingassessedtax": -563200000,
        "costofrevenue": 305400000.00000006,
        "grossprofit": 3703200000,
        "sellinggeneralandadministrativeexpense": 535700000,
        "operatingincomeloss": 258200000,
        "interestexpense": 55800000,
        "nonoperatingincomeexpense": -1300000,
        "incometaxexpensebenefit": 53600000,
        "netincomeloss": 287800000,
        "earningspersharebasic": 2.7299999999999986,
        "earningspersharediluted": 2.69,
        "weightedaveragenumberofsharesoutstandingbasic": -210400000,
        "weightedaveragenumberofdilutedsharesoutstanding": -212600000,
        "othercomprehensiveincomeforeigncurrencytransactionandtranslationadjustmentnetoftaxportionattributabletoparent": -32600000,
        "othercomprehensiveincomelossnetoftaxportionattributabletoparent": -32600000,
        "comprehensiveincomenetoftax": 255200000
    },
    {
        "date": "2021-09-29",
        "symbol": "ROP",
        "period": "Q3",
        "revenuefromcontractwithcustomerexcludingassessedtax": 543500000,
        "costofrevenue": 466700000,
        "grossprofit": 67600000,
        "sellinggeneralandadministrativeexpense": 592600000,
        "operatingincomeloss": 403500000,
        "interestexpense": 58200000,
        "nonoperatingincomeexpense": -1700000,
        "incomelossfromcontinuingoperationsbeforeincometaxesextraordinaryitemsnoncontrollinginterest": 343600000,
        "incometaxexpensebenefit": 83800000,
        "incomelossfromcontinuingoperations": 259800000,
        "incomelossfromdiscontinuedoperationsnetoftaxattributabletoreportingentity": 29700000,
        "netincomeloss": 289500000,
        "incomelossfromcontinuingoperationsperbasicshare": 2.47,
        "incomelossfromcontinuingoperationsperdilutedshare": 2.43,
        "discontinuedoperationincomelossfromdiscontinuedoperationnetoftaxperbasicshare": 0.28,
        "discontinuedoperationincomelossfromdiscontinuedoperationnetoftaxperdilutedshare": 0.28,
        "earningspersharebasic": 2.75,
        "earningspersharediluted": 2.71,
        "weightedaveragenumberofsharesoutstandingbasic": 105400000,
        "weightedaveragenumberofdilutedsharesoutstanding": 106700000,
        "othercomprehensiveincomeforeigncurrencytransactionandtranslationadjustmentnetoftaxportionattributabletoparent": -35400000,
        "othercomprehensiveincomelossnetoftaxportionattributabletoparent": -35400000,
        "comprehensiveincomenetoftax": 254100000
    },
    {
        "date": "2021-06-29",
        "symbol": "ROP",
        "period": "Q2",
        "revenuefromcontractwithcustomerexcludingassessedtax": 697800000,
        "costofrevenue": 553500000,
        "grossprofit": 75600000,
        "sellinggeneralandadministrativeexpense": 616100000,
        "operatingincomeloss": 418000000,
        "interestexpense": 59500000,
        "nonoperatingincomeexpense": 900000,
        "incomelossfromcontinuingoperationsbeforeincometaxesminorityinterestandincomelossfromequitymethodinvestments": 359400000,
        "incometaxexpensebenefit": 73100000,
        "netincomeloss": 286300000,
        "earningspersharebasic": 2.72,
        "earningspersharediluted": 2.69,
        "weightedaveragenumberofsharesoutstandingbasic": 105300000,
        "weightedaveragenumberofdilutedsharesoutstanding": 106400000,
        "othercomprehensiveincomeforeigncurrencytransactionandtranslationadjustmentnetoftaxportionattributabletoparent": 17300000,
        "othercomprehensiveincomelossnetoftaxportionattributabletoparent": 17300000,
        "comprehensiveincomenetoftax": 303600000
    },
    {
        "date": "2021-03-30",
        "symbol": "ROP",
        "period": "Q1",
        "revenuefromcontractwithcustomerexcludingassessedtax": 664100000,
        "costofrevenue": 534799999.99999994,
        "grossprofit": 71000000,
        "sellinggeneralandadministrativeexpense": 593300000,
        "operatingincomeloss": 400500000,
        "interestexpense": 60600000,
        "nonoperatingincomeexpense": 27000000,
        "incomelossfromcontinuingoperationsbeforeincometaxesminorityinterestandincomelossfromequitymethodinvestments": 366900000,
        "incometaxexpensebenefit": 77900000,
        "netincomeloss": 289000000,
        "earningspersharebasic": 2.75,
        "earningspersharediluted": 2.73,
        "weightedaveragenumberofsharesoutstandingbasic": 105000000,
        "weightedaveragenumberofdilutedsharesoutstanding": 106000000,
        "othercomprehensiveincomeforeigncurrencytransactionandtranslationadjustmentnetoftaxportionattributabletoparent": 14600000,
        "othercomprehensiveincomelossnetoftaxportionattributabletoparent": 14600000,
        "comprehensiveincomenetoftax": 303600000
    },
    {
        "date": "2020-12-30",
        "symbol": "ROP",
        "period": "Q4",
        "revenuefromcontractwithcustomerexcludingassessedtax": -678400000,
        "costofrevenue": 538700000,
        "grossprofit": 3338000000,
        "sellinggeneralandadministrativeexpense": 585900000,
        "operatingincomeloss": 380700000,
        "interestexpense": 63700000,
        "nonoperatingincomeexpense": 500000,
        "incomelossfromcontinuingoperationsbeforeincometaxesminorityinterestandincomelossfromequitymethodinvestments": 317500000,
        "incometaxexpensebenefit": 61700000.00000003,
        "netincomeloss": 255800000,
        "earningspersharebasic": 2.4400000000000004,
        "earningspersharediluted": 2.4100000000000006,
        "weightedaveragenumberofsharesoutstandingbasic": -208900000,
        "weightedaveragenumberofdilutedsharesoutstanding": -211000000,
        "othercomprehensiveincomeforeigncurrencytransactionandtranslationadjustmentnetoftaxportionattributabletoparent": 94399999.99999999,
        "othercomprehensiveincomelossnetoftaxportionattributabletoparent": 94399999.99999999,
        "comprehensiveincomenetoftax": 350200000
    },
    {
        "date": "2020-09-29",
        "symbol": "ROP",
        "period": "Q3",
        "revenuefromcontractwithcustomerexcludingassessedtax": 651300000,
        "costofrevenue": 490200000,
        "grossprofit": 62800000,
        "sellinggeneralandadministrativeexpense": 508300000,
        "operatingincomeloss": 367600000,
        "interestexpense": 62300000,
        "nonoperatingincomeexpense": -2200000,
        "incomelossfromcontinuingoperationsbeforeincometaxesminorityinterestandincomelossfromequitymethodinvestments": 303100000,
        "incometaxexpensebenefit": 68700000,
        "netincomeloss": 234400000,
        "earningspersharebasic": 2.24,
        "earningspersharediluted": 2.21,
        "weightedaveragenumberofsharesoutstandingbasic": 104700000,
        "weightedaveragenumberofdilutedsharesoutstanding": 105900000,
        "othercomprehensiveincomeforeigncurrencytransactionandtranslationadjustmentnetoftaxportionattributabletoparent": 43400000,
        "othercomprehensiveincomelossnetoftaxportionattributabletoparent": 43400000,
        "comprehensiveincomenetoftax": 277800000
    },
    {
        "date": "2020-06-29",
        "symbol": "ROP",
        "period": "Q2",
        "revenuefromcontractwithcustomerexcludingassessedtax": 649500000,
        "costofrevenue": 461300000,
        "grossprofit": 63600000,
        "sellinggeneralandadministrativeexpense": 510100000,
        "operatingincomeloss": 333600000,
        "interestexpense": 47500000,
        "nonoperatingincomeexpense": -2000000,
        "incomelossfromcontinuingoperationsbeforeincometaxesminorityinterestandincomelossfromequitymethodinvestments": 284100000,
        "incometaxexpensebenefit": 64900000.00000001,
        "netincomeloss": 219200000,
        "earningspersharebasic": 2.1,
        "earningspersharediluted": 2.08,
        "weightedaveragenumberofsharesoutstandingbasic": 104500000,
        "weightedaveragenumberofdilutedsharesoutstanding": 105500000,
        "othercomprehensiveincomeforeigncurrencytransactionandtranslationadjustmentnetoftaxportionattributabletoparent": 56200000,
        "othercomprehensiveincomelossnetoftaxportionattributabletoparent": 56200000,
        "comprehensiveincomenetoftax": 275400000
    },
    {
        "date": "2020-03-30",
        "symbol": "ROP",
        "period": "Q1",
        "revenuefromcontractwithcustomerexcludingassessedtax": 682200000,
        "costofrevenue": 493900000,
        "grossprofit": 78600000,
        "sellinggeneralandadministrativeexpense": 507600000,
        "operatingincomeloss": 349200000,
        "interestexpense": 45400000,
        "nonoperatingincomeexpense": 800000,
        "incomelossfromcontinuingoperationsbeforeincometaxesminorityinterestandincomelossfromequitymethodinvestments": 304600000,
        "incometaxexpensebenefit": 64300000,
        "netincomeloss": 240300000,
        "earningspersharebasic": 2.3,
        "earningspersharediluted": 2.28,
        "weightedaveragenumberofsharesoutstandingbasic": 104300000,
        "weightedaveragenumberofdilutedsharesoutstanding": 105300000,
        "othercomprehensiveincomeforeigncurrencytransactionandtranslationadjustmentnetoftaxportionattributabletoparent": -128199999.99999999,
        "othercomprehensiveincomelossnetoftaxportionattributabletoparent": -128199999.99999999,
        "comprehensiveincomenetoftax": 112100000
    },
    {
        "date": "2019-12-30",
        "symbol": "ROP",
        "period": "Q4",
        "netincomeloss": 871100000,
        "othercomprehensiveincomeforeigncurrencytransactionandtranslationadjustmentnetoftaxportionattributabletoparent": 72300000,
        "othercomprehensiveincomelossnetoftaxportionattributabletoparent": 72300000,
        "comprehensiveincomenetoftax": 943400000,
        "revenuefromcontractwithcustomerexcludingassessedtax": 1394800000,
        "costofrevenue": 501900000,
        "grossprofit": 892900000,
        "sellinggeneralandadministrativeexpense": 494500000,
        "operatingincomeloss": 398400000,
        "interestexpense": 49000000,
        "nonoperatingincomeexpense": -2500000,
        "incomelossfromcontinuingoperationsbeforeincometaxesminorityinterestandincomelossfromequitymethodinvestments": 1148000000,
        "incometaxexpensebenefit": 276900000,
        "earningspersharebasic": 8.379999999999999,
        "earningspersharediluted": 8.280000000000001,
        "weightedaveragenumberofsharesoutstandingbasic": 100000,
        "weightedaveragenumberofdilutedsharesoutstanding": 100000
    },
    {
        "date": "2019-09-29",
        "symbol": "ROP",
        "period": "Q3",
        "netincomeloss": 277500000,
        "othercomprehensiveincomeforeigncurrencytransactionandtranslationadjustmentnetoftaxportionattributabletoparent": -41900000,
        "othercomprehensiveincomelossnetoftaxportionattributabletoparent": -41900000,
        "comprehensiveincomenetoftax": 235600000,
        "revenuefromcontractwithcustomerexcludingassessedtax": 1354500000,
        "costofrevenue": 480900000,
        "grossprofit": 873600000,
        "sellinggeneralandadministrativeexpense": 488400000,
        "operatingincomeloss": 385200000,
        "interestexpense": 48800000,
        "nonoperatingincomeexpense": 1500000,
        "incomelossfromcontinuingoperationsbeforeincometaxesminorityinterestandincomelossfromequitymethodinvestments": 337900000,
        "incometaxexpensebenefit": 60400000,
        "earningspersharebasic": 2.6700000000000004,
        "earningspersharediluted": 2.6399999999999983,
        "weightedaveragenumberofsharesoutstandingbasic": 100000,
        "weightedaveragenumberofdilutedsharesoutstanding": 100000
    },
    {
        "date": "2019-06-29",
        "symbol": "ROP",
        "period": "Q2",
        "netincomeloss": 249700000,
        "othercomprehensiveincomeforeigncurrencytransactionandtranslationadjustmentnetoftaxportionattributabletoparent": -28600000,
        "othercomprehensiveincomelossnetoftaxportionattributabletoparent": -28600000,
        "comprehensiveincomenetoftax": 221100000,
        "revenuefromcontractwithcustomerexcludingassessedtax": 2040700000,
        "costofrevenue": 480300000,
        "grossprofit": 850000000,
        "sellinggeneralandadministrativeexpense": 481600000,
        "operatingincomeloss": 368400000,
        "interestexpense": 45100000,
        "nonoperatingincomeexpense": -1000000,
        "gainlossonsaleofbusiness": 0,
        "incomelossfromcontinuingoperationsbeforeincometaxesminorityinterestandincomelossfromequitymethodinvestments": 322300000,
        "incometaxexpensebenefit": 72600000,
        "earningspersharebasic": 2.4,
        "earningspersharediluted": 2.3700000000000006,
        "weightedaveragenumberofsharesoutstandingbasic": 100000,
        "weightedaveragenumberofdilutedsharesoutstanding": 200000
    },
    {
        "date": "2019-03-30",
        "symbol": "ROP",
        "period": "Q1",
        "netincomeloss": 369600000,
        "othercomprehensiveincomeforeigncurrencytransactionandtranslationadjustmentnetoftaxportionattributabletoparent": 28700000,
        "othercomprehensiveincomelossnetoftaxportionattributabletoparent": 28700000,
        "comprehensiveincomenetoftax": 398300000,
        "revenuefromcontractwithcustomerexcludingassessedtax": 576800000,
        "costofrevenue": 476600000,
        "grossprofit": 810600000,
        "sellinggeneralandadministrativeexpense": 464200000,
        "operatingincomeloss": 346400000,
        "interestexpense": 43700000,
        "nonoperatingincomeexpense": -3100000,
        "gainlossonsaleofbusiness": 119600000,
        "incomelossfromcontinuingoperationsbeforeincometaxesminorityinterestandincomelossfromequitymethodinvestments": 419200000,
        "incometaxexpensebenefit": 49600000,
        "earningspersharebasic": 3.57,
        "earningspersharediluted": 3.53,
        "weightedaveragenumberofsharesoutstandingbasic": 103600000,
        "weightedaveragenumberofdilutedsharesoutstanding": 104700000
    },
    {
        "date": "2018-12-30",
        "symbol": "ROP",
        "period": "Q4",
        "netincomeloss": 257100000,
        "othercomprehensiveincomeforeigncurrencytransactionandtranslationadjustmentnetoftaxportionattributabletoparent": -43700000,
        "othercomprehensiveincomelossnetoftaxportionattributabletoparent": -43700000,
        "comprehensiveincomenetoftax": 213400000,
        "costofrevenue": 503200000,
        "grossprofit": 1821100000,
        "sellinggeneralandadministrativeexpense": 508700000,
        "operatingincomeloss": 364400000,
        "interestexpense": 47300000,
        "incomelossfromcontinuingoperationsbeforeincometaxesminorityinterestandincomelossfromequitymethodinvestments": 318100000,
        "incometaxexpensebenefit": 61000000,
        "earningspersharebasic": 2.5,
        "earningspersharediluted": 2.4600000000000004,
        "weightedaveragenumberofsharesoutstandingbasic": -206300000,
        "weightedaveragenumberofdilutedsharesoutstanding": -208800000
    },
    {
        "date": "2018-09-29",
        "symbol": "ROP",
        "period": "Q3",
        "netincomeloss": 247600000,
        "othercomprehensiveincomeforeigncurrencytransactionandtranslationadjustmentnetoftaxportionattributabletoparent": 5000000,
        "othercomprehensiveincomelossnetoftaxportionattributabletoparent": 5000000,
        "comprehensiveincomenetoftax": 252600000,
        "revenuefromcontractwithcustomerexcludingassessedtax": 560400000,
        "costofrevenue": 478700000,
        "grossprofit": 363500000,
        "sellinggeneralandadministrativeexpense": 462500000,
        "operatingincomeloss": 377500000,
        "interestexpense": 48400000,
        "gainslossesonextinguishmentofdebt": -15900000,
        "nonoperatingincomeexpense": -1600000,
        "incomelossfromcontinuingoperationsbeforeincometaxesminorityinterestandincomelossfromequitymethodinvestments": 311600000,
        "incometaxexpensebenefit": 64000000,
        "earningspersharebasic": 2.39,
        "earningspersharediluted": 2.37,
        "weightedaveragenumberofsharesoutstandingbasic": 103400000,
        "weightedaveragenumberofdilutedsharesoutstanding": 104600000,
        "commonstockdividendspersharedeclared": 0.4125
    },
    {
        "date": "2018-06-29",
        "symbol": "ROP",
        "period": "Q2",
        "netincomeloss": 228400000,
        "othercomprehensiveincomeforeigncurrencytransactionandtranslationadjustmentnetoftaxportionattributabletoparent": -76200000,
        "othercomprehensiveincomelossnetoftaxportionattributabletoparent": -76200000,
        "comprehensiveincomenetoftax": 152200000,
        "salesrevenuenet": 537400000,
        "costofrevenue": 477800000,
        "grossprofit": 344400000,
        "sellinggeneralandadministrativeexpense": 461600000,
        "operatingincomeloss": 354300000,
        "interestexpense": 43200000,
        "nonoperatingincomeexpense": 2300000,
        "incomelossfromcontinuingoperationsbeforeincometaxesminorityinterestandincomelossfromequitymethodinvestments": 313400000,
        "incometaxexpensebenefit": 85000000,
        "earningspersharebasic": 2.21,
        "earningspersharediluted": 2.19,
        "weightedaveragenumberofsharesoutstandingbasic": 103200000,
        "weightedaveragenumberofdilutedsharesoutstanding": 104400000,
        "commonstockdividendspersharedeclared": 0.4125
    },
    {
        "date": "2018-03-30",
        "symbol": "ROP",
        "period": "Q1",
        "netincomeloss": 211300000,
        "othercomprehensiveincomeforeigncurrencytransactionandtranslationadjustmentnetoftaxportionattributabletoparent": 57800000,
        "othercomprehensiveincomelossnetoftaxportionattributabletoparent": 57800000,
        "comprehensiveincomenetoftax": 269100000,
        "salesrevenuenet": 1202500000,
        "costofrevenue": 452000000,
        "grossprofit": 750500000,
        "sellinggeneralandadministrativeexpense": 450300000,
        "operatingincomeloss": 300200000,
        "interestexpense": 43200000,
        "nonoperatingincomeexpense": -1700000,
        "incomelossfromcontinuingoperationsbeforeincometaxesminorityinterestandincomelossfromequitymethodinvestments": 255300000,
        "incometaxexpensebenefit": 44000000,
        "earningspersharebasic": 2.05,
        "earningspersharediluted": 2.03,
        "weightedaveragenumberofsharesoutstandingbasic": 102900000,
        "weightedaveragenumberofdilutedsharesoutstanding": 104200000,
        "commonstockdividendspersharedeclared": 0.4125
    },
    {
        "date": "2017-12-30",
        "symbol": "ROP",
        "period": "Q4",
        "netincomeloss": 443872000,
        "othercomprehensiveincomeforeigncurrencytransactionandtranslationadjustmentnetoftaxportionattributabletoparent": -8937000,
        "othercomprehensiveincomelossnetoftaxportionattributabletoparent": -8937000,
        "comprehensiveincomenetoftax": 434935000,
        "salesrevenuenet": 49987000,
        "costofrevenue": 461471000,
        "grossprofit": 2215816000,
        "sellinggeneralandadministrativeexpense": 418129000,
        "operatingincomeloss": 346983000,
        "interestexpense": 43365000,
        "nonoperatingincomeexpense": -218000,
        "incomelossfromcontinuingoperationsbeforeincometaxesminorityinterestandincomelossfromequitymethodinvestments": 303400000,
        "incometaxexpensebenefit": -140472000,
        "earningspersharebasic": 4.34,
        "earningspersharediluted": 4.28,
        "weightedaveragenumberofsharesoutstandingbasic": -204101000,
        "weightedaveragenumberofdilutedsharesoutstanding": -206645000
    },
    {
        "date": "2017-09-29",
        "symbol": "ROP",
        "period": "Q3",
        "netincomeloss": 190273000,
        "othercomprehensiveincomeforeigncurrencytransactionandtranslationadjustmentnetoftaxportionattributabletoparent": 67535000,
        "othercomprehensiveincomelossnetoftaxportionattributabletoparent": 67535000,
        "comprehensiveincomenetoftax": 257808000,
        "salesrevenuenet": 480572000,
        "costofrevenue": 433492000,
        "grossprofit": 298883000,
        "sellinggeneralandadministrativeexpense": 415673000,
        "operatingincomeloss": 310747000,
        "interestexpense": 45523000,
        "nonoperatingincomeexpense": -659000,
        "incomelossfromcontinuingoperationsbeforeincometaxesminorityinterestandincomelossfromequitymethodinvestments": 264565000,
        "incometaxexpensebenefit": 74292000,
        "earningspersharebasic": 1.86,
        "earningspersharediluted": 1.84,
        "weightedaveragenumberofsharesoutstandingbasic": 102303000,
        "weightedaveragenumberofdilutedsharesoutstanding": 103680000,
        "commonstockdividendspersharedeclared": 0.35
    },
    {
        "date": "2017-06-29",
        "symbol": "ROP",
        "period": "Q2",
        "salesrevenuenet": 460497000,
        "costofrevenue": 429021000,
        "grossprofit": 98167000,
        "sellinggeneralandadministrativeexpense": 411392000,
        "operatingincomeloss": 294258000,
        "interestexpense": 45813000,
        "nonoperatingincomeexpense": 6969000,
        "incomelossfromcontinuingoperationsbeforeincometaxesminorityinterestandincomelossfromequitymethodinvestments": 255414000,
        "incometaxexpensebenefit": 75858000,
        "netincomeloss": 179556000,
        "earningspersharebasic": 1.76,
        "earningspersharediluted": 1.74,
        "weightedaveragenumberofsharesoutstandingbasic": 102081000,
        "weightedaveragenumberofdilutedsharesoutstanding": 103409000,
        "commonstockdividendspersharedeclared": 0.35,
        "othercomprehensiveincomeforeigncurrencytransactionandtranslationadjustmentnetoftaxportionattributabletoparent": 49515000,
        "othercomprehensiveincomelossnetoftaxportionattributabletoparent": 49515000,
        "comprehensiveincomenetoftax": 229071000
    },
    {
        "date": "2017-03-30",
        "symbol": "ROP",
        "period": "Q1",
        "salesrevenuenet": 125047000,
        "costofrevenue": 418691000,
        "grossprofit": 251930000,
        "sellinggeneralandadministrativeexpense": 409358000,
        "operatingincomeloss": 258256000,
        "interestexpense": 45865000,
        "nonoperatingincomeexpense": -1047000,
        "incomelossfromcontinuingoperationsbeforeincometaxesminorityinterestandincomelossfromequitymethodinvestments": 211344000,
        "incometaxexpensebenefit": 53273000,
        "netincomeloss": 158071000,
        "earningspersharebasic": 1.55,
        "earningspersharediluted": 1.53,
        "weightedaveragenumberofsharesoutstandingbasic": 101885000,
        "weightedaveragenumberofdilutedsharesoutstanding": 103078000,
        "commonstockdividendspersharedeclared": 0.35,
        "othercomprehensiveincomeforeigncurrencytransactionandtranslationadjustmentnetoftaxportionattributabletoparent": 30412000,
        "othercomprehensiveincomelossnetoftaxportionattributabletoparent": 30412000,
        "comprehensiveincomenetoftax": 188483000
    },
    {
        "date": "2016-12-30",
        "symbol": "ROP",
        "period": "Q4",
        "salesrevenuenet": -567517000,
        "costofrevenue": 383922000,
        "grossprofit": 2012218000,
        "sellinggeneralandadministrativeexpense": 337774000,
        "operatingincomeloss": 289104000,
        "interestexpense": 30483000,
        "nonoperatingincomeexpense": -355000,
        "incomelossfromcontinuingoperationsbeforeincometaxesminorityinterestandincomelossfromequitymethodinvestments": 258266000,
        "incometaxexpensebenefit": 5600000,
        "netincomeloss": 182081000,
        "earningspersharebasic": 1.7899999999999996,
        "earningspersharediluted": 1.7799999999999998,
        "weightedaveragenumberofsharesoutstandingbasic": -202401000,
        "weightedaveragenumberofdilutedsharesoutstanding": -204842000,
        "othercomprehensiveincomelossnetoftaxportionattributabletoparent": -76287000,
        "comprehensiveincomenetoftax": 105794000
    },
    {
        "date": "2016-09-29",
        "symbol": "ROP",
        "period": "Q3",
        "salesrevenuenet": 125235000,
        "costofrevenue": 366651000,
        "grossprofit": 90950000,
        "sellinggeneralandadministrativeexpense": 311103000,
        "operatingincomeloss": 267390000,
        "interestexpense": 26800000,
        "gainslossesonextinguishmentofdebt": -871000,
        "nonoperatingincomeexpense": 337000,
        "incomelossfromcontinuingoperationsbeforeincometaxesminorityinterestandincomelossfromequitymethodinvestments": 240056000,
        "incometaxexpensebenefit": 4200000,
        "netincomeloss": 167079000,
        "earningspersharebasic": 1.65,
        "earningspersharediluted": 1.63,
        "weightedaveragenumberofsharesoutstandingbasic": 101372000,
        "weightedaveragenumberofdilutedsharesoutstanding": 102522000,
        "commonstockdividendspersharedeclared": 0.3,
        "othercomprehensiveincomeforeigncurrencytransactionandtranslationadjustmentnetoftaxportionattributabletoparent": 9054000,
        "othercomprehensiveincomelossnetoftaxportionattributabletoparent": 9054000,
        "comprehensiveincomenetoftax": 176133000
    },
    {
        "date": "2016-06-29",
        "symbol": "ROP",
        "period": "Q2",
        "salesrevenuenet": 340585000,
        "costofrevenue": 364038000,
        "grossprofit": 163005000,
        "sellinggeneralandadministrativeexpense": 314442000,
        "operatingincomeloss": 253078000,
        "interestexpense": 26863000,
        "nonoperatingincomeexpense": -1334000,
        "incomelossfromcontinuingoperationsbeforeincometaxesminorityinterestandincomelossfromequitymethodinvestments": 224881000,
        "incometaxexpensebenefit": 4200000,
        "netincomeloss": 158069000,
        "earningspersharebasic": 1.56,
        "earningspersharediluted": 1.54,
        "weightedaveragenumberofsharesoutstandingbasic": 101249000,
        "weightedaveragenumberofdilutedsharesoutstanding": 102466000,
        "commonstockdividendspersharedeclared": 0.3,
        "othercomprehensiveincomeforeigncurrencytransactionandtranslationadjustmentnetoftaxportionattributabletoparent": -46470000,
        "othercomprehensiveincomelossnetoftaxportionattributabletoparent": -46470000,
        "comprehensiveincomenetoftax": 111599000
    },
    {
        "date": "2016-03-30",
        "symbol": "ROP",
        "period": "Q1",
        "salesrevenuenet": 118764000,
        "costofrevenue": 342904000,
        "grossprofit": 66237000,
        "sellinggeneralandadministrativeexpense": 314528000,
        "operatingincomeloss": 244991000,
        "interestexpense": 27413000,
        "nonoperatingincomeexpense": -129000,
        "incomelossfromcontinuingoperationsbeforeincometaxesminorityinterestandincomelossfromequitymethodinvestments": 217449000,
        "incometaxexpensebenefit": 1300000,
        "netincomeloss": 151416000,
        "earningspersharebasic": 1.5,
        "earningspersharediluted": 1.48,
        "weightedaveragenumberofsharesoutstandingbasic": 101071000,
        "weightedaveragenumberofdilutedsharesoutstanding": 102318000,
        "commonstockdividendspersharedeclared": 0.3,
        "othercomprehensiveincomelossforeigncurrencytransactionandtranslationadjustmentnetoftax": 1743000,
        "othercomprehensiveincomelossnetoftaxportionattributabletoparent": 1743000,
        "comprehensiveincomenetoftax": 153159000
    },
    {
        "date": "2015-09-29",
        "symbol": "ROP",
        "period": "Q3",
        "salesrevenuenet": -68750000,
        "costofrevenue": 350450000,
        "grossprofit": -157264000,
        "sellinggeneralandadministrativeexpense": 283112000,
        "operatingincomeloss": 250371000,
        "interestexpense": 20369000,
        "nonoperatingincomeexpense": 251000,
        "incomelossfromcontinuingoperationsbeforeincometaxesminorityinterestandincomelossfromequitymethodinvestments": 230253000,
        "incometaxexpensebenefit": 69836000,
        "netincomeloss": 160417000,
        "earningspersharebasic": 1.5899999999999996,
        "earningspersharediluted": 1.5799999999999996,
        "weightedaveragenumberofsharesoutstandingbasic": 70000,
        "weightedaveragenumberofdilutedsharesoutstanding": 44000,
        "commonstockdividendspersharedeclared": 0.25,
        "othercomprehensiveincomelossforeigncurrencytransactionandtranslationadjustmentnetoftax": -49684000,
        "othercomprehensiveincomelossnetoftaxportionattributabletoparent": -49684000,
        "comprehensiveincomenetoftax": 110733000
    },
    {
        "date": "2015-06-29",
        "symbol": "ROP",
        "period": "Q2",
        "salesrevenuenet": 206812000,
        "costofrevenue": 355630000,
        "grossprofit": 222990000,
        "sellinggeneralandadministrativeexpense": 281937000,
        "operatingincomeloss": 251974000,
        "interestexpense": 20177000,
        "nonoperatingincomeexpense": -1520000,
        "incomelossfromcontinuingoperationsbeforeincometaxesminorityinterestandincomelossfromequitymethodinvestments": 230277000,
        "incometaxexpensebenefit": 58997000,
        "netincomeloss": 171280000,
        "earningspersharebasic": 1.7099999999999997,
        "earningspersharediluted": 1.6800000000000002,
        "weightedaveragenumberofsharesoutstandingbasic": 98000,
        "weightedaveragenumberofdilutedsharesoutstanding": 107000,
        "commonstockdividendspersharedeclared": 0.25,
        "othercomprehensiveincomelossforeigncurrencytransactionandtranslationadjustmentnetoftax": 37212000,
        "othercomprehensiveincomelosspensionandotherpostretirementbenefitplansadjustmentbeforetax": 0,
        "othercomprehensiveincomelossnetoftaxportionattributabletoparent": 37212000,
        "comprehensiveincomenetoftax": 208492000
    },
    {
        "date": "2015-03-30",
        "symbol": "ROP",
        "period": "Q1",
        "salesrevenuenet": 291700000,
        "costofrevenue": 347120000,
        "grossprofit": 215326000,
        "sellinggeneralandadministrativeexpense": 271265000,
        "operatingincomeloss": 246896000,
        "interestexpense": 19836000,
        "nonoperatingincomeexpense": -679000,
        "incomelossfromcontinuingoperationsbeforeincometaxesminorityinterestandincomelossfromequitymethodinvestments": 226381000,
        "incometaxexpensebenefit": 70608000,
        "netincomeloss": 155773000,
        "earningspersharebasic": 1.55,
        "earningspersharediluted": 1.54,
        "weightedaveragenumberofsharesoutstandingbasic": 100377000,
        "weightedaveragenumberofdilutedsharesoutstanding": 101361000,
        "commonstockdividendspersharedeclared": 0.25,
        "othercomprehensiveincomelossforeigncurrencytransactionandtranslationadjustmentnetoftax": -92010000,
        "othercomprehensiveincomelosspensionandotherpostretirementbenefitplansadjustmentbeforetax": 1063000,
        "othercomprehensiveincomelossnetoftaxportionattributabletoparent": -93073000,
        "comprehensiveincomenetoftax": 62700000
    },
    {
        "date": "2014-12-30",
        "symbol": "ROP",
        "period": "Q4",
        "salesrevenuenet": 2816062000,
        "costofrevenue": 380404000,
        "grossprofit": 1758728000,
        "sellinggeneralandadministrativeexpense": 281992000,
        "operatingincomeloss": -339857000,
        "interestexpense": 19285000,
        "nonoperatingincomeexpense": -422000,
        "incomelossfromcontinuingoperationsbeforeincometaxesminorityinterestandincomelossfromequitymethodinvestments": 264042000,
        "incometaxexpensebenefit": 78106000,
        "netincomeloss": 185936000,
        "earningspersharebasic": 1.8599999999999999,
        "earningspersharediluted": 1.8400000000000003,
        "weightedaveragenumberofsharesoutstandingbasic": -199590000,
        "weightedaveragenumberofdilutedsharesoutstanding": -201517000,
        "commonstockdividendspersharedeclared": 0.2499999999999999,
        "othercomprehensiveincomelossforeigncurrencytransactionandtranslationadjustmentnetoftax": -61247000,
        "othercomprehensiveincomelossnetoftaxportionattributabletoparent": -61247000,
        "comprehensiveincomenetoftax": 124689000
    },
    {
        "date": "2014-09-29",
        "symbol": "ROP",
        "period": "Q3",
        "salesrevenuenet": 238860000,
        "costofrevenue": 360082000,
        "grossprofit": 127663000,
        "sellinggeneralandadministrativeexpense": 278382000,
        "operatingincomeloss": 245658000,
        "interestexpense": 20013000,
        "nonoperatingincomeexpense": 552000,
        "incomelossfromcontinuingoperationsbeforeincometaxesminorityinterestandincomelossfromequitymethodinvestments": 226197000,
        "incometaxexpensebenefit": 70687000,
        "netincomeloss": 155510000,
        "earningspersharebasic": 1.55,
        "earningspersharediluted": 1.54,
        "weightedaveragenumberofsharesoutstandingbasic": 100068000,
        "weightedaveragenumberofdilutedsharesoutstanding": 101006000,
        "commonstockdividendspersharedeclared": 0.2,
        "othercomprehensiveincomelossforeigncurrencytransactionandtranslationadjustmentnetoftax": -60755000,
        "othercomprehensiveincomelossnetoftaxportionattributabletoparent": -60755000,
        "comprehensiveincomenetoftax": 94755000
    },
    {
        "date": "2014-06-29",
        "symbol": "ROP",
        "period": "Q2",
        "salesrevenuenet": 268891000,
        "costofrevenue": 361993000,
        "grossprofit": 95857000,
        "sellinggeneralandadministrativeexpense": 276516000,
        "operatingincomeloss": 246666000,
        "interestexpense": 19512000,
        "nonoperatingincomeexpense": -930000,
        "incomelossfromcontinuingoperationsbeforeincometaxesminorityinterestandincomelossfromequitymethodinvestments": 226224000,
        "incometaxexpensebenefit": 68863000,
        "netincomeloss": 157361000,
        "earningspersharebasic": 1.58,
        "earningspersharediluted": 1.56,
        "weightedaveragenumberofsharesoutstandingbasic": 99881000,
        "weightedaveragenumberofdilutedsharesoutstanding": 100823000,
        "commonstockdividendspersharedeclared": 0.2,
        "othercomprehensiveincomelossforeigncurrencytransactionandtranslationadjustmentnetoftax": 19803000,
        "othercomprehensiveincomelossnetoftaxportionattributabletoparent": 19803000,
        "comprehensiveincomenetoftax": 177164000
    },
    {
        "date": "2014-03-30",
        "symbol": "ROP",
        "period": "Q1",
        "salesrevenuenet": 225681000,
        "costofrevenue": 345116000,
        "grossprofit": 119651000,
        "sellinggeneralandadministrativeexpense": 265536000,
        "operatingincomeloss": 223400000,
        "interestexpense": 19827000,
        "nonoperatingincomeexpense": 1420000,
        "incomelossfromcontinuingoperationsbeforeincometaxesminorityinterestandincomelossfromequitymethodinvestments": 204993000,
        "incometaxexpensebenefit": 57767000,
        "netincomeloss": 147226000,
        "earningspersharebasic": 1.48,
        "earningspersharediluted": 1.46,
        "weightedaveragenumberofsharesoutstandingbasic": 99557000,
        "weightedaveragenumberofdilutedsharesoutstanding": 100572000,
        "commonstockdividendspersharedeclared": 0.2,
        "othercomprehensiveincomelossforeigncurrencytransactionandtranslationadjustmentnetoftax": -12811000,
        "othercomprehensiveincomelossnetoftaxportionattributabletoparent": -12811000,
        "comprehensiveincomenetoftax": 134415000
    },
    {
        "date": "2013-09-29",
        "symbol": "ROP",
        "period": "Q3",
        "salesrevenuenet": 234730000,
        "costofrevenue": 345185000,
        "grossprofit": 125829000,
        "sellinggeneralandadministrativeexpense": 263276000,
        "operatingincomeloss": 219349000,
        "interestexpense": 24705000,
        "nonoperatingincomeexpense": 409000,
        "incomelossfromcontinuingoperationsbeforeincometaxesminorityinterestandincomelossfromequitymethodinvestments": 195053000,
        "incometaxexpensebenefit": 58730000,
        "netincomeloss": 136323000,
        "earningspersharebasic": 1.37,
        "earningspersharediluted": 1.36,
        "weightedaveragenumberofsharesoutstandingbasic": 99207000,
        "weightedaveragenumberofdilutedsharesoutstanding": 100302000,
        "commonstockdividendspersharedeclared": 0.165,
        "othercomprehensiveincomelossforeigncurrencytransactionandtranslationadjustmentnetoftax": 31902000,
        "othercomprehensiveincomelossnetoftaxportionattributabletoparent": 31902000,
        "comprehensiveincomenetoftax": 168225000
    },
    {
        "date": "2013-06-29",
        "symbol": "ROP",
        "period": "Q2",
        "salesrevenuenet": 223179000,
        "costofrevenue": 338503000,
        "grossprofit": 117826000,
        "sellinggeneralandadministrativeexpense": 265761000,
        "operatingincomeloss": 179746000,
        "interestexpense": 22361000,
        "nonoperatingincomeexpense": 2536000,
        "incomelossfromcontinuingoperationsbeforeincometaxesminorityinterestandincomelossfromequitymethodinvestments": 159921000,
        "incometaxexpensebenefit": 48568000,
        "netincomeloss": 111353000,
        "earningspersharebasic": 1.12,
        "earningspersharediluted": 1.11,
        "weightedaveragenumberofsharesoutstandingbasic": 99089000,
        "weightedaveragenumberofdilutedsharesoutstanding": 100162000,
        "commonstockdividendspersharedeclared": 0.165,
        "othercomprehensiveincomelossforeigncurrencytransactionandtranslationadjustmentnetoftax": -3632000,
        "othercomprehensiveincomelossnetoftaxportionattributabletoparent": -3632000,
        "comprehensiveincomenetoftax": 107721000
    },
    {
        "date": "2012-06-29",
        "symbol": "ROP",
        "period": "Q2",
        "salesrevenuenet": 215270000,
        "costofrevenue": 327264000,
        "grossprofit": 112491000,
        "sellinggeneralandadministrativeexpense": 218824000,
        "operatingincomeloss": 58161000,
        "interestexpense": 15077000,
        "nonoperatingincomeexpense": -574000,
        "incomelossfromcontinuingoperationsbeforeincometaxesminorityinterestandincomelossfromequitymethodinvestments": 163133000,
        "incometaxexpensebenefit": 48320000,
        "netincomeloss": 114813000,
        "earningspersharebasic": 1.18,
        "earningspersharediluted": 1.15,
        "weightedaveragenumberofsharesoutstandingbasic": 97460000,
        "weightedaveragenumberofdilutedsharesoutstanding": 99619000,
        "commonstockdividendspersharedeclared": 0.1375,
        "othercomprehensiveincomelossforeigncurrencytransactionandtranslationadjustmentnetoftax": -33208000,
        "othercomprehensiveincomelossnetoftaxportionattributabletoparent": -33208000,
        "comprehensiveincomenetoftax": 81605000
    },
    {
        "date": "2012-03-30",
        "symbol": "ROP",
        "period": "Q1",
        "salesrevenuenet": 204517000,
        "costofrevenue": 319873000,
        "grossprofit": 105936000,
        "sellinggeneralandadministrativeexpense": 220889000,
        "operatingincomeloss": 170304000,
        "interestexpense": 15483000,
        "nonoperatingincomeexpense": -490000,
        "incomelossfromcontinuingoperationsbeforeincometaxesminorityinterestandincomelossfromequitymethodinvestments": 154331000,
        "incometaxexpensebenefit": 46022000,
        "netincomeloss": 108309000,
        "earningspersharebasic": 1.12,
        "earningspersharediluted": 1.09,
        "weightedaveragenumberofsharesoutstandingbasic": 97039000,
        "weightedaveragenumberofdilutedsharesoutstanding": 99307000,
        "commonstockdividendspersharedeclared": 0.1375,
        "othercomprehensiveincomeforeigncurrencytransactionandtranslationadjustmentnetoftaxperiodincreasedecrease": 19161000,
        "othercomprehensiveincomelossnetoftaxportionattributabletoparent": 19161000,
        "comprehensiveincomenetoftax": 127470000
    },
    {
        "date": "2011-12-30",
        "symbol": "ROP",
        "period": "Q4",
        "salesrevenuenet": -1023291000,
        "costofrevenue": 333355000,
        "grossprofit": 1192554000,
        "sellinggeneralandadministrativeexpense": 218495000,
        "operatingincomeloss": -530047000,
        "interestexpense": 15383000,
        "nonoperatingincomeexpense": -548000,
        "incomelossfromcontinuingoperationsbeforeincometaxesminorityinterestandincomelossfromequitymethodinvestments": 171423000,
        "incometaxexpensebenefit": 49747000,
        "netincomeloss": 121676000,
        "earningspersharebasic": 1.2600000000000002,
        "earningspersharediluted": 1.2299999999999995,
        "weightedaveragenumberofsharesoutstandingbasic": -191409000,
        "weightedaveragenumberofdilutedsharesoutstanding": -196487000
    },
    {
        "date": "2011-09-29",
        "symbol": "ROP",
        "period": "Q3",
        "salesrevenuenet": 220592000,
        "costofrevenue": 330149000,
        "grossprofit": 110451000,
        "sellinggeneralandadministrativeexpense": 215341000,
        "operatingincomeloss": 167215000,
        "interestexpense": 15373000,
        "nonoperatingincomeexpense": 690000,
        "incomelossfromcontinuingoperationsbeforeincometaxesminorityinterestandincomelossfromequitymethodinvestments": 152532000,
        "incometaxexpensebenefit": 42251000,
        "netincomeloss": 110281000,
        "earningspersharebasic": 1.15,
        "earningspersharediluted": 1.12,
        "weightedaveragenumberofsharesoutstandingbasic": 96083000,
        "weightedaveragenumberofdilutedsharesoutstanding": 98308000,
        "commonstockdividendspersharedeclared": 0.095
    },
    {
        "date": "2011-06-29",
        "symbol": "ROP",
        "period": "Q2",
        "salesrevenuenet": 219588000,
        "costofrevenue": 322808000,
        "grossprofit": 109577000,
        "sellinggeneralandadministrativeexpense": 213093000,
        "operatingincomeloss": 163970000,
        "interestexpense": 16196000,
        "nonoperatingincomeexpense": 7243000,
        "incomelossfromcontinuingoperationsbeforeincometaxesminorityinterestandincomelossfromequitymethodinvestments": 155017000,
        "incometaxexpensebenefit": 48706000,
        "netincomeloss": 106311000,
        "earningspersharebasic": 1.11,
        "earningspersharediluted": 1.08,
        "weightedaveragenumberofsharesoutstandingbasic": 95911000,
        "weightedaveragenumberofdilutedsharesoutstanding": 98412000,
        "commonstockdividendspersharedeclared": 0.11
    },
    {
        "date": "2011-03-30",
        "symbol": "ROP",
        "period": "Q1",
        "salesrevenuenet": 200407000,
        "costofrevenue": 295213000,
        "grossprofit": 102982000,
        "sellinggeneralandadministrativeexpense": 208096000,
        "operatingincomeloss": 142000000,
        "interestexpense": 16696000,
        "nonoperatingincomeexpense": 711000,
        "incomelossfromcontinuingoperationsbeforeincometaxesminorityinterestandincomelossfromequitymethodinvestments": 126015000,
        "incometaxexpensebenefit": 37036000,
        "netincomeloss": 88979000,
        "earningspersharebasic": 0.93,
        "earningspersharediluted": 0.91,
        "weightedaveragenumberofsharesoutstandingbasic": 95374000,
        "weightedaveragenumberofdilutedsharesoutstanding": 98153000,
        "commonstockdividendspersharedeclared": 0.11
    },
    {
        "date": "2010-09-29",
        "symbol": "ROP",
        "period": "Q3",
        "salesrevenuenet": 605088000,
        "costofrevenue": 283339000,
        "grossprofit": 321749000,
        "sellinggeneralandadministrativeexpense": 193516000,
        "operatingincomeloss": 128233000,
        "interestexpense": 17134000,
        "nonoperatingincomeexpense": 2631000,
        "incomelossfromcontinuingoperationsbeforeincometaxesminorityinterestandincomelossfromequitymethodinvestments": 113730000,
        "incometaxexpensebenefit": 29467000,
        "netincomeloss": 84263000,
        "earningspersharebasic": 0.89,
        "earningspersharediluted": 0.87,
        "weightedaveragenumberofsharesoutstandingbasic": 94312000,
        "weightedaveragenumberofdilutedsharesoutstanding": 96671000,
        "commonstockdividendspersharedeclared": 0.095
    },
    {
        "date": "2010-06-29",
        "symbol": "ROP",
        "period": "Q2",
        "salesrevenuenet": 567104000,
        "costofrevenue": 265157000,
        "grossprofit": 301947000,
        "sellinggeneralandadministrativeexpense": 182760000,
        "operatingincomeloss": 119187000,
        "interestexpense": 16293000,
        "nonoperatingincomeexpense": -1657000,
        "incomelossfromcontinuingoperationsbeforeincometaxesminorityinterestandincomelossfromequitymethodinvestments": 101237000,
        "incometaxexpensebenefit": 29956000,
        "netincomeloss": 71281000,
        "earningspersharebasic": 0.76,
        "earningspersharediluted": 0.74,
        "weightedaveragenumberofsharesoutstandingbasic": 94011000,
        "weightedaveragenumberofdilutedsharesoutstanding": 96449000,
        "commonstockdividendspersharedeclared": 0.095
    },
    {
        "date": "2010-03-30",
        "symbol": "ROP",
        "period": "Q1",
        "salesrevenuenet": 534441000,
        "costofrevenue": 254876000,
        "grossprofit": 279565000,
        "sellinggeneralandadministrativeexpense": 178849000,
        "operatingincomeloss": 100716000,
        "interestexpense": 16181000,
        "nonoperatingincomeexpense": 447000,
        "incomelossfromcontinuingoperationsbeforeincometaxesminorityinterestandincomelossfromequitymethodinvestments": 84982000,
        "incometaxexpensebenefit": 25257000,
        "netincomeloss": 59725000,
        "earningspersharebasic": 0.64,
        "earningspersharediluted": 0.62,
        "weightedaveragenumberofsharesoutstandingbasic": 93810000,
        "weightedaveragenumberofdilutedsharesoutstanding": 96036000
    },
    {
        "date": "2009-09-29",
        "symbol": "ROP",
        "period": "Q3",
        "salesrevenuenet": 485676000,
        "costofrevenue": 240156000,
        "grossprofit": 245520000,
        "sellinggeneralandadministrativeexpense": 153648000,
        "operatingincomeloss": 91872000,
        "interestexpense": 14437000,
        "nonoperatingincomeexpense": 105000,
        "incomelossfromcontinuingoperationsbeforeincometaxesminorityinterestandincomelossfromequitymethodinvestments": 77540000,
        "incometaxexpensebenefit": 21130000,
        "netincomeloss": 56410000,
        "earningspersharebasic": 0.62,
        "earningspersharediluted": 0.61,
        "weightedaveragenumberofsharesoutstandingbasic": 90877000,
        "weightedaveragenumberofdilutedsharesoutstanding": 92908000,
        "commonstockdividendspersharedeclared": 0.0825
    }
]