[
    {
        "date": "2024-03-30",
        "symbol": "RJF",
        "period": "Q2",
        "revenuefromcontractwithcustomerincludingassessedtax": 1516000000,
        "principaltransactionsrevenue": 114000000,
        "revenuefromcontractwithcustomerincludingassessedtaxandprincipaltransactionsrevenuenet": 528000000,
        "interestincomeoperating": 1049000000,
        "revenues": 3638000000,
        "interestexpense": 520000000,
        "revenuesnetofinterestexpense": 3118000000,
        "laborandrelatedexpense": 2043000000,
        "communicationsandinformationtechnology": 165000000,
        "occupancynet": 73000000,
        "businessdevelopment": 60000000,
        "noninterestexpenseinvestmentadvisoryfees": 44000000,
        "professionalfees": 33000000,
        "provisionforloanlossesexpensed": 21000000,
        "othernoninterestexpense": 70000000,
        "noncompensationexpense": 466000000,
        "noninterestexpense": 2509000000,
        "incomelossfromcontinuingoperationsbeforeequitymethodinvestmentsincometaxesafternoncontrollinginterest": 609000000,
        "incometaxexpensebenefit": 133000000,
        "netincomeloss": 476000000,
        "preferredstockdividendsincomestatementimpact": 2000000,
        "netincomelossavailabletocommonstockholdersbasic": 474000000,
        "netincomelossavailabletocommonstockholdersdiluted": 474000000,
        "earningspersharebasic": 2.27,
        "earningspersharediluted": 2.22,
        "weightedaveragenumberofsharesoutstandingbasic": 208300000,
        "weightedaveragenumberofdilutedsharesoutstanding": 213400000,
        "othercomprehensiveincomelossavailableforsalesecuritiesadjustmentnetoftax": -26000000,
        "othercomprehensiveincomeforeigncurrencytransactionandtranslationadjustmentnetoftaxportionattributabletoparent": -11000000,
        "othercomprehensiveincomelosscashflowhedgegainlossafterreclassificationandtax": 6000000,
        "othercomprehensiveincomelossnetoftaxportionattributabletoparent": -31000000,
        "comprehensiveincomenetoftax": 445000000
    },
    {
        "date": "2023-12-30",
        "symbol": "RJF",
        "period": "Q1",
        "revenuefromcontractwithcustomerincludingassessedtax": 1407000000,
        "principaltransactionsrevenue": 139000000,
        "revenuefromcontractwithcustomerincludingassessedtaxandprincipaltransactionsrevenuenet": 522000000,
        "interestincomeoperating": 1053000000,
        "revenues": 3520000000,
        "interestexpense": 507000000,
        "revenuesnetofinterestexpense": 3013000000,
        "laborandrelatedexpense": 1921000000,
        "communicationsandinformationtechnology": 150000000,
        "occupancynet": 72000000,
        "businessdevelopment": 61000000,
        "noninterestexpenseinvestmentadvisoryfees": 40000000,
        "professionalfees": 32000000,
        "provisionforloanlossesexpensed": 12000000,
        "othernoninterestexpense": 95000000,
        "noncompensationexpense": 462000000,
        "noninterestexpense": 2383000000,
        "incomelossfromcontinuingoperationsbeforeequitymethodinvestmentsincometaxesafternoncontrollinginterest": 630000000,
        "incometaxexpensebenefit": 132000000,
        "netincomeloss": 498000000,
        "preferredstockdividendsincomestatementimpact": 1000000,
        "netincomelossavailabletocommonstockholdersbasic": 497000000,
        "netincomelossavailabletocommonstockholdersdiluted": 497000000,
        "earningspersharebasic": 2.38,
        "earningspersharediluted": 2.32,
        "weightedaveragenumberofsharesoutstandingbasic": 208600000,
        "weightedaveragenumberofdilutedsharesoutstanding": 213800000,
        "othercomprehensiveincomelossavailableforsalesecuritiesadjustmentnetoftax": 270000000,
        "othercomprehensiveincomeforeigncurrencytransactionandtranslationadjustmentnetoftaxportionattributabletoparent": 29000000,
        "othercomprehensiveincomelosscashflowhedgegainlossafterreclassificationandtax": -21000000,
        "othercomprehensiveincomelossnetoftaxportionattributabletoparent": 278000000,
        "comprehensiveincomenetoftax": 776000000
    },
    {
        "date": "2023-09-29",
        "symbol": "RJF",
        "period": "Q4",
        "revenuefromcontractwithcustomerincludingassessedtax": 1446000000,
        "principaltransactionsrevenue": 98000000,
        "revenuefromcontractwithcustomerincludingassessedtaxandprincipaltransactionsrevenuenet": 480000000,
        "interestincomeoperating": 1019000000,
        "revenues": 3515000000,
        "interestexpense": 462000000,
        "revenuesnetofinterestexpense": 3053000000,
        "laborandrelatedexpense": 1892000000,
        "communicationsandinformationtechnology": 158000000,
        "occupancynet": 69000000,
        "businessdevelopment": 66000000,
        "noninterestexpenseinvestmentadvisoryfees": 41000000,
        "professionalfees": 40000000,
        "provisionforloanlossesexpensed": 36000000,
        "othernoninterestexpense": 166000000,
        "noncompensationexpense": 576000000,
        "noninterestexpense": 2468000000,
        "incomelossfromcontinuingoperationsbeforeequitymethodinvestmentsincometaxesafternoncontrollinginterest": 585000000,
        "incometaxexpensebenefit": 151000000,
        "netincomeloss": 434000000,
        "netincomelossavailabletocommonstockholdersbasic": 432000000,
        "netincomelossavailabletocommonstockholdersdiluted": 432000000,
        "earningspersharebasic": 2.0700000000000007,
        "earningspersharediluted": 2.0199999999999996,
        "weightedaveragenumberofsharesoutstandingbasic": 211800000,
        "weightedaveragenumberofdilutedsharesoutstanding": 216900000,
        "othercomprehensiveincomelossavailableforsalesecuritiesadjustmentnetoftax": -108000000,
        "othercomprehensiveincomeforeigncurrencytransactionandtranslationadjustmentnetoftaxportionattributabletoparent": -23000000,
        "othercomprehensiveincomelosscashflowhedgegainlossafterreclassificationandtax": 2000000,
        "othercomprehensiveincomelossnetoftaxportionattributabletoparent": -129000000,
        "comprehensiveincomenetoftax": 305000000
    },
    {
        "date": "2023-06-29",
        "symbol": "RJF",
        "period": "Q3",
        "revenuefromcontractwithcustomerincludingassessedtax": 3870000000,
        "principaltransactionsrevenue": 361000000,
        "revenuefromcontractwithcustomerincludingassessedtaxandprincipaltransactionsrevenuenet": 1440000000,
        "interestincomeoperating": 2687000000,
        "revenues": 10066000000,
        "interestexpense": 884000000,
        "revenuesnetofinterestexpense": 8352000000,
        "laborandrelatedexpense": 1851000000,
        "communicationsandinformationtechnology": 149000000,
        "occupancynet": 68000000,
        "businessdevelopment": 66000000,
        "noninterestexpenseinvestmentadvisoryfees": 40000000,
        "professionalfees": 35000000,
        "provisionforloanlossesexpensed": 54000000,
        "othernoninterestexpense": 158000000,
        "noncompensationexpense": 570000000,
        "noninterestexpense": 2421000000,
        "incomelossfromcontinuingoperationsbeforeequitymethodinvestmentsincometaxesafternoncontrollinginterest": 486000000,
        "incometaxexpensebenefit": 117000000,
        "netincomeloss": 369000000,
        "preferredstockdividendsincomestatementimpact": 0,
        "netincomelossavailabletocommonstockholdersbasic": 369000000,
        "netincomelossavailabletocommonstockholdersdiluted": 369000000,
        "earningspersharebasic": 1.7600000000000002,
        "earningspersharediluted": 1.7200000000000006,
        "weightedaveragenumberofsharesoutstandingbasic": -216000000,
        "weightedaveragenumberofdilutedsharesoutstanding": -221600000,
        "othercomprehensiveincomelossavailableforsalesecuritiesadjustmentnetoftax": -76000000,
        "othercomprehensiveincomeforeigncurrencytransactionandtranslationadjustmentnetoftaxportionattributabletoparent": 20000000,
        "othercomprehensiveincomelosscashflowhedgegainlossafterreclassificationandtax": 12000000,
        "othercomprehensiveincomelossnetoftaxportionattributabletoparent": -44000000,
        "comprehensiveincomenetoftax": 325000000
    },
    {
        "date": "2023-03-30",
        "symbol": "RJF",
        "period": "Q2",
        "revenuefromcontractwithcustomerincludingassessedtax": 23000000,
        "principaltransactionsrevenue": -1000000,
        "revenuefromcontractwithcustomerincludingassessedtaxandprincipaltransactionsrevenuenet": -3000000,
        "interestincomeoperating": 25000000,
        "revenues": -313000000,
        "interestexpense": 16000000,
        "revenuesnetofinterestexpense": 102000000,
        "laborandrelatedexpense": 1820000000,
        "communicationsandinformationtechnology": 153000000,
        "occupancynet": 68000000,
        "businessdevelopment": 54000000,
        "noninterestexpenseinvestmentadvisoryfees": 36000000,
        "professionalfees": 38000000,
        "provisionforloanlossesexpensed": 28000000,
        "othernoninterestexpense": 119000000,
        "noncompensationexpense": 496000000,
        "noninterestexpense": 2316000000,
        "incomelossfromcontinuingoperationsbeforeequitymethodinvestmentsincometaxesafternoncontrollinginterest": 557000000,
        "incometaxexpensebenefit": 130000000,
        "netincomeloss": 427000000,
        "preferredstockdividendsincomestatementimpact": 2000000,
        "netincomelossavailabletocommonstockholdersbasic": 425000000,
        "netincomelossavailabletocommonstockholdersdiluted": 425000000,
        "earningspersharebasic": 1.97,
        "earningspersharediluted": 1.93,
        "weightedaveragenumberofsharesoutstandingbasic": 214300000,
        "weightedaveragenumberofdilutedsharesoutstanding": 219200000,
        "othercomprehensiveincomelossavailableforsalesecuritiesadjustmentnetoftax": 97000000,
        "othercomprehensiveincomeforeigncurrencytransactionandtranslationadjustmentnetoftaxportionattributabletoparent": 7000000,
        "othercomprehensiveincomelosscashflowhedgegainlossafterreclassificationandtax": -11000000,
        "othercomprehensiveincomelossnetoftaxportionattributabletoparent": 93000000,
        "comprehensiveincomenetoftax": 520000000
    },
    {
        "date": "2022-12-30",
        "symbol": "RJF",
        "period": "Q1",
        "revenuefromcontractwithcustomerincludingassessedtax": 24000000,
        "principaltransactionsrevenue": 4000000,
        "revenuefromcontractwithcustomerincludingassessedtaxandprincipaltransactionsrevenuenet": 4000000,
        "interestincomeoperating": 17000000,
        "revenues": -276000000,
        "interestexpense": 11000000,
        "revenuesnetofinterestexpense": 112000000,
        "laborandrelatedexpense": 1736000000,
        "communicationsandinformationtechnology": 139000000,
        "occupancynet": 66000000,
        "businessdevelopment": 56000000,
        "noninterestexpenseinvestmentadvisoryfees": 34000000,
        "professionalfees": 32000000,
        "provisionforloanlossesexpensed": 14000000,
        "othernoninterestexpense": 57000000,
        "noncompensationexpense": 398000000,
        "noninterestexpense": 2134000000,
        "incomelossfromcontinuingoperationsbeforeequitymethodinvestmentsincometaxesafternoncontrollinginterest": 652000000,
        "incometaxexpensebenefit": 143000000,
        "netincomeloss": 509000000,
        "preferredstockdividendsincomestatementimpact": 2000000,
        "netincomelossavailabletocommonstockholdersbasic": 507000000,
        "netincomelossavailabletocommonstockholdersdiluted": 507000000,
        "earningspersharebasic": 2.36,
        "earningspersharediluted": 2.3,
        "weightedaveragenumberofsharesoutstandingbasic": 214700000,
        "weightedaveragenumberofdilutedsharesoutstanding": 220400000,
        "othercomprehensiveincomelossavailableforsalesecuritiesadjustmentnetoftax": 47000000,
        "othercomprehensiveincomeforeigncurrencytransactionandtranslationadjustmentnetoftaxportionattributabletoparent": 46000000,
        "othercomprehensiveincomelosscashflowhedgegainlossafterreclassificationandtax": -2000000,
        "othercomprehensiveincomelossnetoftaxportionattributabletoparent": 91000000,
        "comprehensiveincomenetoftax": 600000000
    },
    {
        "date": "2022-06-29",
        "symbol": "RJF",
        "period": "Q3",
        "revenuefromcontractwithcustomerincludingassessedtax": 1427000000,
        "principaltransactionsrevenue": 128000000,
        "revenuefromcontractwithcustomerincludingassessedtaxandprincipaltransactionsrevenuenet": 513000000,
        "interestincomeoperating": 374000000,
        "revenues": 2778000000,
        "interestexpense": 60000000,
        "revenuesnetofinterestexpense": 2718000000,
        "laborandrelatedexpense": 1834000000,
        "communicationsandinformationtechnology": 129000000,
        "occupancynet": 65000000,
        "businessdevelopment": 58000000,
        "noninterestexpenseinvestmentadvisoryfees": 38000000,
        "professionalfees": 38000000,
        "provisionforloanlossesexpensed": 56000000,
        "othernoninterestexpense": 85000000,
        "noncompensationexpense": 469000000,
        "noninterestexpense": 2303000000,
        "incomelossfromcontinuingoperationsbeforeequitymethodinvestmentsincometaxesafternoncontrollinginterest": 415000000,
        "incometaxexpensebenefit": 114000000,
        "netincomeloss": 301000000,
        "preferredstockdividendsincomestatementimpact": 2000000,
        "netincomelossavailabletocommonstockholdersbasic": 299000000,
        "netincomelossavailabletocommonstockholdersdiluted": 299000000,
        "earningspersharebasic": 1.41,
        "earningspersharediluted": 1.38,
        "weightedaveragenumberofsharesoutstandingbasic": 210700000,
        "weightedaveragenumberofdilutedsharesoutstanding": 215700000,
        "othercomprehensiveincomelossavailableforsalesecuritiesadjustmentnetoftax": -157000000,
        "othercomprehensiveincomeforeigncurrencytransactionandtranslationadjustmentnetoftaxportionattributabletoparent": -40000000,
        "othercomprehensiveincomelosscashflowhedgegainlossafterreclassificationandtax": 10000000,
        "othercomprehensiveincomelossnetoftaxportionattributabletoparent": -187000000,
        "comprehensiveincomenetoftax": 114000000
    },
    {
        "date": "2022-03-30",
        "symbol": "RJF",
        "period": "Q2",
        "revenuefromcontractwithcustomerincludingassessedtax": 1464000000,
        "principaltransactionsrevenue": 142000000,
        "revenuefromcontractwithcustomerincludingassessedtaxandprincipaltransactionsrevenuenet": 564000000,
        "interestincomeoperating": 242000000,
        "revenues": 2711000000,
        "interestexpense": 38000000,
        "revenuesnetofinterestexpense": 2673000000,
        "laborandrelatedexpense": 1852000000,
        "communicationsandinformationtechnology": 127000000,
        "occupancynet": 62000000,
        "businessdevelopment": 34000000,
        "noninterestexpenseinvestmentadvisoryfees": 40000000,
        "professionalfees": 22000000,
        "provisionforloanlossesexpensed": 21000000,
        "businesscombinationacquisitionrelatedcosts": 11000000,
        "othernoninterestexpense": 71000000,
        "noncompensationexpense": 388000000,
        "noninterestexpense": 2240000000,
        "incomelossfromcontinuingoperationsbeforeequitymethodinvestmentsincometaxesafternoncontrollinginterest": 433000000,
        "incometaxexpensebenefit": 110000000,
        "netincomeloss": 323000000,
        "earningspersharebasic": 1.56,
        "earningspersharediluted": 1.52,
        "weightedaveragenumberofsharesoutstandingbasic": 207700000,
        "weightedaveragenumberofdilutedsharesoutstanding": 213000000,
        "othercomprehensiveincomelossavailableforsalesecuritiesadjustmentnetoftax": -320000000,
        "othercomprehensiveincomeforeigncurrencytransactionandtranslationadjustmentnetoftaxportionattributabletoparent": -11000000,
        "othercomprehensiveincomelosscashflowhedgegainlossafterreclassificationandtax": 29000000,
        "othercomprehensiveincomelossnetoftaxportionattributabletoparent": -302000000,
        "comprehensiveincomenetoftax": 21000000
    },
    {
        "date": "2021-12-30",
        "symbol": "RJF",
        "period": "Q1",
        "revenuefromcontractwithcustomerincludingassessedtax": 35000000,
        "principaltransactionsrevenue": 122000000,
        "revenuefromcontractwithcustomerincludingassessedtaxandprincipaltransactionsrevenuenet": 2000000,
        "interestincomeoperating": 187000000,
        "revenues": -69000000,
        "interestexpense": 22000000,
        "revenuesnetofinterestexpense": 55000000,
        "laborandrelatedexpense": 1884000000,
        "communicationsandinformationtechnology": 112000000,
        "occupancynet": 59000000,
        "businessdevelopment": 35000000,
        "noninterestexpenseinvestmentadvisoryfees": 38000000,
        "professionalfees": 26000000,
        "provisionforloanlossesexpensed": -11000000,
        "businesscombinationacquisitionrelatedcosts": 4000000,
        "othernoninterestexpense": 74000000,
        "noncompensationexpense": 339000000,
        "noninterestexpense": 2223000000,
        "incomelossfromcontinuingoperationsbeforeequitymethodinvestmentsincometaxesafternoncontrollinginterest": 558000000,
        "incometaxexpensebenefit": 112000000,
        "netincomeloss": 446000000,
        "earningspersharebasic": 2.16,
        "earningspersharediluted": 2.1,
        "weightedaveragenumberofsharesoutstandingbasic": 206300000,
        "weightedaveragenumberofdilutedsharesoutstanding": 212400000,
        "othercomprehensiveincomelossavailableforsalesecuritiesadjustmentnetoftax": -55000000,
        "othercomprehensiveincomelosscashflowhedgegainlossafterreclassificationandtax": 9000000,
        "othercomprehensiveincomelossnetoftaxportionattributabletoparent": 9000000,
        "comprehensiveincomenetoftax": 400000000
    },
    {
        "date": "2021-06-29",
        "symbol": "RJF",
        "period": "Q3",
        "revenuefromcontractwithcustomerincludingassessedtax": 1262000000,
        "principaltransactionsrevenue": 137000000,
        "noninterestincome": 552000000,
        "interestincomeoperating": 205000000,
        "revenues": 2511000000,
        "interestexpense": 40000000,
        "revenuesnetofinterestexpense": 2471000000,
        "laborandrelatedexpense": 1661000000,
        "communicationsandinformationtechnology": 109000000,
        "occupancynet": 58000000,
        "businessdevelopment": 31000000,
        "noninterestexpenseinvestmentadvisoryfees": 34000000,
        "professionalfees": 26000000,
        "provisionforloanlossesexpensed": -19000000,
        "gainslossesonextinguishmentofdebt": -98000000,
        "businesscombinationacquisitionrelatedcosts": 7000000,
        "othernoninterestexpense": 81000000,
        "noncompensationexpense": 425000000,
        "noninterestexpense": 2086000000,
        "incomelossfromcontinuingoperationsbeforeequitymethodinvestmentsincometaxesafternoncontrollinginterest": 385000000,
        "incometaxexpensebenefit": 78000000,
        "netincomeloss": 307000000,
        "earningspersharebasic": 2.24,
        "earningspersharediluted": 2.18,
        "weightedaveragenumberofsharesoutstandingbasic": 137200000,
        "weightedaveragenumberofdilutedsharesoutstanding": 141100000,
        "othercomprehensiveincomelossavailableforsalesecuritiesadjustmentnetoftax": 25000000,
        "othercomprehensiveincomeforeigncurrencytransactionandtranslationadjustmentnetoftaxportionattributabletoparent": 5000000,
        "othercomprehensiveincomelosscashflowhedgegainlossafterreclassificationandtax": -2000000,
        "othercomprehensiveincomelossnetoftaxportionattributabletoparent": 28000000,
        "comprehensiveincomenetoftax": 335000000
    },
    {
        "date": "2021-03-30",
        "symbol": "RJF",
        "period": "Q2",
        "revenuefromcontractwithcustomerincludingassessedtax": 1173000000,
        "principaltransactionsrevenue": 148000000,
        "noninterestincome": 591000000,
        "interestincomeoperating": 200000000,
        "revenues": 2409000000,
        "interestexpense": 37000000,
        "revenuesnetofinterestexpense": 2372000000,
        "laborandrelatedexpense": 1648000000,
        "communicationsandinformationtechnology": 107000000,
        "occupancynet": 57000000,
        "businessdevelopment": 21000000,
        "noninterestexpenseinvestmentadvisoryfees": 31000000,
        "professionalfees": 24000000,
        "provisionforloanlossesexpensed": -32000000,
        "businesscombinationacquisitionrelatedcosts": 0,
        "othernoninterestexpense": 69000000,
        "noncompensationexpense": 277000000,
        "noninterestexpense": 1925000000,
        "incomelossfromcontinuingoperationsbeforeequitymethodinvestmentsincometaxesafternoncontrollinginterest": 447000000,
        "incometaxexpensebenefit": 92000000,
        "netincomeloss": 355000000,
        "earningspersharebasic": 2.5799999999999996,
        "earningspersharediluted": 2.5100000000000002,
        "weightedaveragenumberofsharesoutstandingbasic": 500000,
        "weightedaveragenumberofdilutedsharesoutstanding": 700000,
        "othercomprehensiveincomelossavailableforsalesecuritiesadjustmentnetoftax": -76000000,
        "othercomprehensiveincomeforeigncurrencytransactionandtranslationadjustmentnetoftaxportionattributabletoparent": 2000000,
        "othercomprehensiveincomelosscashflowhedgegainlossafterreclassificationandtax": 19000000,
        "othercomprehensiveincomelossnetoftaxportionattributabletoparent": -55000000,
        "comprehensiveincomenetoftax": 300000000
    },
    {
        "date": "2020-12-30",
        "symbol": "RJF",
        "period": "Q1",
        "revenuefromcontractwithcustomerincludingassessedtax": 1067000000,
        "principaltransactionsrevenue": 147000000,
        "noninterestincome": 528000000,
        "interestincomeoperating": 203000000,
        "revenues": 2260000000,
        "interestexpense": 38000000,
        "revenuesnetofinterestexpense": 2222000000,
        "laborandrelatedexpense": 1500000000,
        "communicationsandinformationtechnology": 99000000,
        "occupancynet": 57000000,
        "businessdevelopment": 23000000,
        "noninterestexpenseinvestmentadvisoryfees": 28000000,
        "professionalfees": 30000000,
        "provisionforloanlossesexpensed": 14000000,
        "businesscombinationacquisitionrelatedcosts": 2000000,
        "othernoninterestexpense": 70000000,
        "noncompensationexpense": 323000000,
        "noninterestexpense": 1823000000,
        "incomelossfromcontinuingoperationsbeforeequitymethodinvestmentsincometaxesafternoncontrollinginterest": 399000000,
        "incometaxexpensebenefit": 87000000,
        "netincomeloss": 312000000,
        "earningspersharebasic": 2.27,
        "earningspersharediluted": 2.23,
        "weightedaveragenumberofsharesoutstandingbasic": 136800000,
        "weightedaveragenumberofdilutedsharesoutstanding": 139700000,
        "othercomprehensiveincomelossavailableforsalesecuritiesadjustmentnetoftax": -17000000,
        "othercomprehensiveincomeforeigncurrencytransactionandtranslationadjustmentnetoftaxportionattributabletoparent": 18000000,
        "othercomprehensiveincomelosscashflowhedgegainlossafterreclassificationandtax": 5000000,
        "othercomprehensiveincomelossnetoftaxportionattributabletoparent": 6000000,
        "comprehensiveincomenetoftax": 318000000
    },
    {
        "date": "2020-06-29",
        "symbol": "RJF",
        "period": "Q3",
        "revenuefromcontractwithcustomerincludingassessedtax": 867000000,
        "principaltransactionsrevenue": 143000000,
        "noninterestincome": 486000000,
        "interestincomeoperating": 217000000,
        "revenues": 1876000000,
        "interestexpense": 42000000,
        "revenuesnetofinterestexpense": 1834000000,
        "laborandrelatedexpense": 1277000000,
        "communicationsandinformationtechnology": 100000000,
        "occupancynet": 55000000,
        "businessdevelopment": 21000000,
        "noninterestexpenseinvestmentadvisoryfees": 23000000,
        "professionalfees": 24000000,
        "provisionforloanandleaselosses": 81000000,
        "othernoninterestexpense": 55000000,
        "noncompensationexpense": 359000000,
        "noninterestexpense": 1636000000,
        "incomelossfromcontinuingoperationsbeforeequitymethodinvestmentsincometaxesafternoncontrollinginterest": 198000000,
        "incometaxexpensebenefit": 26000000,
        "netincomeloss": 172000000,
        "earningspersharebasic": 1.25,
        "earningspersharediluted": 1.23,
        "weightedaveragenumberofsharesoutstandingbasic": 137100000,
        "weightedaveragenumberofdilutedsharesoutstanding": 139400000,
        "othercomprehensiveincomelossavailableforsalesecuritiesadjustmentnetoftax": 5000000,
        "othercomprehensiveincomeforeigncurrencytransactionandtranslationadjustmentnetoftaxportionattributabletoparent": 11000000,
        "othercomprehensiveincomelosscashflowhedgegainlossafterreclassificationandtax": -4000000,
        "othercomprehensiveincomelossnetoftaxportionattributabletoparent": 12000000,
        "comprehensiveincomenetoftax": 184000000
    },
    {
        "date": "2020-03-30",
        "symbol": "RJF",
        "period": "Q2",
        "revenuefromcontractwithcustomerincludingassessedtax": 1006000000,
        "principaltransactionsrevenue": 105000000,
        "noninterestincome": 515000000,
        "interestincomeoperating": 285000000,
        "revenues": 2111000000,
        "interestexpense": 43000000,
        "revenuesnetofinterestexpense": 2068000000,
        "laborandrelatedexpense": 1422000000,
        "communicationsandinformationtechnology": 99000000,
        "occupancynet": 56000000,
        "businessdevelopment": 41000000,
        "noninterestexpenseinvestmentadvisoryfees": 26000000,
        "professionalfees": 23000000,
        "provisionforloanandleaselosses": 109000000,
        "othernoninterestexpense": 53000000,
        "noncompensationexpense": 407000000,
        "noninterestexpense": 1829000000,
        "incomelossfromcontinuingoperationsbeforeequitymethodinvestmentsincometaxesafternoncontrollinginterest": 239000000,
        "incometaxexpensebenefit": 70000000,
        "netincomeloss": 169000000,
        "earningspersharebasic": 1.22,
        "earningspersharediluted": 1.2,
        "weightedaveragenumberofsharesoutstandingbasic": 138400000,
        "weightedaveragenumberofdilutedsharesoutstanding": 141100000,
        "othercomprehensiveincomelossavailableforsalesecuritiesadjustmentnetoftax": 63000000,
        "othercomprehensiveincomeforeigncurrencytransactionandtranslationadjustmentnetoftaxportionattributabletoparent": -26000000,
        "othercomprehensiveincomelosscashflowhedgegainlossafterreclassificationandtax": -43000000,
        "othercomprehensiveincomelossnetoftaxportionattributabletoparent": -6000000,
        "comprehensiveincomenetoftax": 163000000
    },
    {
        "date": "2019-12-30",
        "symbol": "RJF",
        "period": "Q1",
        "revenuefromcontractwithcustomerincludingassessedtax": 955000000,
        "principaltransactionsrevenue": 97000000,
        "noninterestincome": 460000000,
        "interestincomeoperating": 297000000,
        "revenues": 2060000000,
        "interestexpense": 51000000,
        "revenuesnetofinterestexpense": 2009000000,
        "laborandrelatedexpense": 1351000000,
        "communicationsandinformationtechnology": 94000000,
        "occupancynet": 57000000,
        "businessdevelopment": 44000000,
        "noninterestexpenseinvestmentadvisoryfees": 26000000,
        "professionalfees": 21000000,
        "provisionforloanandleaselosses": -2000000,
        "othernoninterestexpense": 59000000,
        "noncompensationexpense": 299000000,
        "noninterestexpense": 1650000000,
        "incomelossfromcontinuingoperationsbeforeequitymethodinvestmentsincometaxesafternoncontrollinginterest": 359000000,
        "incometaxexpensebenefit": 91000000,
        "netincomeloss": 268000000,
        "earningspersharebasic": 1.93,
        "earningspersharediluted": 1.89,
        "weightedaveragenumberofsharesoutstandingbasic": 138300000,
        "weightedaveragenumberofdilutedsharesoutstanding": 141500000,
        "othercomprehensiveincomelossavailableforsalesecuritiesadjustmentnetoftax": -1000000,
        "othercomprehensiveincomeforeigncurrencytransactionandtranslationadjustmentnetoftaxportionattributabletoparent": 9000000,
        "othercomprehensiveincomelosscashflowhedgegainlossafterreclassificationandtax": 10000000,
        "othercomprehensiveincomelossnetoftaxportionattributabletoparent": 18000000,
        "comprehensiveincomenetoftax": 286000000
    },
    {
        "date": "2017-03-30",
        "symbol": "RJF",
        "period": "Q2",
        "feesandcommissions": 992112000,
        "investmentbankingrevenue": 102377000,
        "investmentadvisorymanagementandadministrativefees": 110280000,
        "interestincomeoperating": 2000,
        "feesandcommissionsother": 162981000,
        "tradinggainslosses": 15811000,
        "noninterestincomeotheroperatingincome": 190000,
        "revenues": 192000,
        "interestexpense": 1498000,
        "revenuesnetofinterestexpense": 1563637000,
        "laborandrelatedexpense": 1035714000,
        "communicationsandinformationtechnology": 76067000,
        "occupancynet": 47498000,
        "floorbrokerageexchangeandclearancefees": 11407000,
        "businessdevelopment": 41519000,
        "noninterestexpenseinvestmentadvisoryfees": 17778000,
        "provisionforloanandleaselosses": 7928000,
        "businesscombinationacquisitionrelatedcosts": 1086000,
        "othernoninterestexpense": 163337000,
        "noninterestexpense": 5967000,
        "incomelossfromcontinuingoperationsbeforeincometaxesminorityinterestandincomelossfromequitymethodinvestments": 161303000,
        "incometaxexpensebenefit": -605000,
        "profitloss": -5775000,
        "netincomelossattributabletononcontrollinginterest": -5482000,
        "netincomeloss": -293000,
        "earningspersharebasic": 0.78,
        "earningspersharediluted": 0.77,
        "weightedaveragenumberofsharesoutstandingbasic": 143367000,
        "weightedaveragenumberofdilutedsharesoutstanding": 146779000,
        "othercomprehensiveincomeavailableforsalesecuritiesadjustmentandnoncreditportionofotherthantemporaryimpairmentlossesnetoftaxattributabletoparent": 1952000,
        "othercomprehensiveincomeforeigncurrencytransactionandtranslationadjustmentnetoftaxportionattributabletoparent": 2223000,
        "othercomprehensiveincomederivativesqualifyingashedgesnetoftaxportionattributabletoparent": 1531000,
        "comprehensiveincomenetoftax": 118461000,
        "otherthantemporaryimpairmentlossesinvestmentsavailableforsalesecurities": 397000,
        "otherthantemporaryimpairmentlossesinvestmentsportioninothercomprehensiveincomelossbeforetaxportionattributabletoparentavailableforsalesecurities": 397000
    },
    {
        "date": "2016-06-29",
        "symbol": "RJF",
        "period": "Q3",
        "feesandcommissions": 871764000,
        "investmentbankingrevenue": 72714000,
        "investmentadvisorymanagementandadministrativefees": 96156000,
        "interestincomeoperating": 163810000,
        "feesandcommissionsother": 129334000,
        "tradinggainslosses": 29795000,
        "noninterestincomeotheroperatingincome": -447000,
        "revenues": -447000,
        "interestexpense": 178000,
        "revenuesnetofinterestexpense": -625000,
        "laborandrelatedexpense": 908899000,
        "communicationsandinformationtechnology": 71717000,
        "occupancynet": 40825000,
        "floorbrokerageexchangeandclearancefees": 10214000,
        "businessdevelopment": 36488000,
        "noninterestexpenseinvestmentadvisoryfees": 15030000,
        "provisionforloanandleaselosses": 722000,
        "businesscombinationacquisitionrelatedcosts": 13445000,
        "othernoninterestexpense": 66962000,
        "noninterestexpense": 14014000,
        "incomelossfromcontinuingoperationsbeforeincometaxesminorityinterestandincomelossfromequitymethodinvestments": 191450000,
        "incometaxexpensebenefit": -627000,
        "profitloss": -14639000,
        "netincomelossattributabletononcontrollinginterest": -14619000,
        "netincomeloss": -20000,
        "earningspersharebasic": 0.89,
        "earningspersharediluted": 0.87,
        "weightedaveragenumberofsharesoutstandingbasic": 141165000,
        "weightedaveragenumberofdilutedsharesoutstanding": 143952000,
        "othercomprehensiveincomeavailableforsalesecuritiesadjustmentandnoncreditportionofotherthantemporaryimpairmentlossesnetoftaxattributabletoparent": -955000,
        "othercomprehensiveincomeforeigncurrencytransactionandtranslationadjustmentnetoftaxportionattributabletoparent": 2302000,
        "othercomprehensiveincomederivativesqualifyingashedgesnetoftaxportionattributabletoparent": -6922000,
        "comprehensiveincomenetoftax": 119929000,
        "otherthantemporaryimpairmentlossesinvestmentsavailableforsalesecurities": -423000,
        "otherthantemporaryimpairmentlossesinvestmentsportioninothercomprehensiveincomelossbeforetaxportionattributabletoparentavailableforsalesecurities": -423000
    },
    {
        "date": "2016-03-30",
        "symbol": "RJF",
        "period": "Q2",
        "feesandcommissions": 853330000,
        "investmentbankingrevenue": 68704000,
        "investmentadvisorymanagementandadministrativefees": 93877000,
        "interestincomeoperating": 2000,
        "feesandcommissionsother": 127528000,
        "tradinggainslosses": 14415000,
        "noninterestincomeotheroperatingincome": -201000,
        "revenues": -199000,
        "interestexpense": 315000,
        "revenuesnetofinterestexpense": -514000,
        "laborandrelatedexpense": 887945000,
        "communicationsandinformationtechnology": 68482000,
        "occupancynet": 40891000,
        "floorbrokerageexchangeandclearancefees": 10517000,
        "businessdevelopment": 35417000,
        "noninterestexpenseinvestmentadvisoryfees": 14282000,
        "provisionforloanandleaselosses": -902000,
        "businesscombinationacquisitionrelatedcosts": 6015000,
        "othernoninterestexpense": 48112000,
        "noninterestexpense": 9398000,
        "incomelossfromcontinuingoperationsbeforeincometaxesminorityinterestandincomelossfromequitymethodinvestments": 190204000,
        "incometaxexpensebenefit": -602000,
        "profitloss": -9912000,
        "netincomelossattributabletononcontrollinginterest": -9905000,
        "netincomeloss": -7000,
        "earningspersharebasic": 0.89,
        "earningspersharediluted": 0.87,
        "weightedaveragenumberofsharesoutstandingbasic": 141472000,
        "weightedaveragenumberofdilutedsharesoutstanding": 144012000,
        "othercomprehensiveincomeavailableforsalesecuritiesadjustmentandnoncreditportionofotherthantemporaryimpairmentlossesnetoftaxattributabletoparent": 1099000,
        "othercomprehensiveincomeforeigncurrencytransactionandtranslationadjustmentnetoftaxportionattributabletoparent": 10714000,
        "othercomprehensiveincomederivativesqualifyingashedgesnetoftaxportionattributabletoparent": -11469000,
        "comprehensiveincomenetoftax": 126191000,
        "otherthantemporaryimpairmentlossesinvestmentsavailableforsalesecurities": 353000,
        "otherthantemporaryimpairmentlossesinvestmentsportioninothercomprehensiveincomelossbeforetaxportionattributabletoparentavailableforsalesecurities": 353000
    },
    {
        "date": "2015-06-29",
        "symbol": "RJF",
        "period": "Q3",
        "feesandcommissions": 874606000,
        "investmentbankingrevenue": 76988000,
        "investmentadvisoryfees": 96235000,
        "interestincomeoperating": 137147000,
        "feesandcommissionsother": 113866000,
        "tradinggainslosses": 16216000,
        "noninterestincomeotheroperatingincome": -349000,
        "revenues": -349000,
        "interestexpense": 404000,
        "revenuesnetofinterestexpense": -753000,
        "laborandrelatedexpense": 901342000,
        "communicationsandinformationtechnology": 69267000,
        "occupancynet": 40269000,
        "floorbrokerageexchangeandclearancefees": 9648000,
        "businessdevelopment": 40127000,
        "noninterestexpenseinvestmentadvisoryfees": 15293000,
        "provisionforloanandleaselosses": -545000,
        "othernoninterestexpense": 46757000,
        "noninterestexpense": 10318000,
        "incomelossfromcontinuingoperationsbeforeincometaxesminorityinterestandincomelossfromequitymethodinvestments": 201295000,
        "incometaxexpensebenefit": 2903000,
        "profitloss": -11071000,
        "netincomelossattributabletononcontrollinginterest": -11032000,
        "netincomeloss": -39000,
        "earningspersharebasic": 0.93,
        "earningspersharediluted": 0.91,
        "weightedaveragenumberofsharesoutstandingbasic": 143252000,
        "weightedaveragenumberofdilutedsharesoutstanding": 146493000,
        "othercomprehensiveincomeavailableforsalesecuritiesadjustmentandnoncreditportionofotherthantemporaryimpairmentlossesnetoftaxattributabletoparent": -5381000,
        "othercomprehensiveincomeforeigncurrencytransactionandtranslationadjustmentnetoftaxportionattributabletoparent": 1295000,
        "othercomprehensiveincomederivativesqualifyingashedgesnetoftaxportionattributabletoparent": 3589000,
        "comprehensiveincomenetoftax": 132698000,
        "otherthantemporaryimpairmentlossesinvestmentsavailableforsalesecurities": -1228000,
        "otherthantemporaryimpairmentlossesinvestmentsportioninothercomprehensiveincomelossbeforetaxportionattributabletoparentavailableforsalesecurities": -1228000
    },
    {
        "date": "2015-03-30",
        "symbol": "RJF",
        "period": "Q2",
        "feesandcommissions": 860214000,
        "investmentbankingrevenue": 74240000,
        "investmentadvisoryfees": 91016000,
        "interestincomeoperating": 2000,
        "feesandcommissionsother": 111966000,
        "tradinggainslosses": 17060000,
        "noninterestincomeotheroperatingincome": -382000,
        "revenues": -380000,
        "interestexpense": 537000,
        "revenuesnetofinterestexpense": -917000,
        "laborandrelatedexpense": 882234000,
        "communicationsandinformationtechnology": 67635000,
        "occupancynet": 41604000,
        "floorbrokerageexchangeandclearancefees": 13588000,
        "businessdevelopment": 42490000,
        "noninterestexpenseinvestmentadvisoryfees": 14987000,
        "provisionforloanandleaselosses": 168000,
        "othernoninterestexpense": 43670000,
        "noninterestexpense": 11085000,
        "incomelossfromcontinuingoperationsbeforeincometaxesminorityinterestandincomelossfromequitymethodinvestments": 175633000,
        "incometaxexpensebenefit": -22000,
        "profitloss": -12002000,
        "netincomelossattributabletononcontrollinginterest": -11975000,
        "netincomeloss": -27000,
        "earningspersharebasic": 0.79,
        "earningspersharediluted": 0.77,
        "weightedaveragenumberofsharesoutstandingbasic": 142320000,
        "weightedaveragenumberofdilutedsharesoutstanding": 146050000,
        "othercomprehensiveincomeavailableforsalesecuritiesadjustmentandnoncreditportionofotherthantemporaryimpairmentlossesnetoftaxattributabletoparent": 2337000,
        "othercomprehensiveincomeforeigncurrencytransactionandtranslationadjustmentnetoftaxportionattributabletoparent": -15279000,
        "othercomprehensiveincomederivativesqualifyingashedgesnetoftaxportionattributabletoparent": -1501000,
        "comprehensiveincomenetoftax": 99020000,
        "otherthantemporaryimpairmentlossesinvestmentsavailableforsalesecurities": 627000,
        "otherthantemporaryimpairmentlossesinvestmentsportioninothercomprehensiveincomelossbeforetaxportionattributabletoparentavailableforsalesecurities": 627000
    },
    {
        "date": "2013-03-30",
        "symbol": "RJF",
        "period": "Q2",
        "feesandcommissions": 764989000,
        "investmentbankingrevenue": 50255000,
        "investmentadvisoryfees": 65503000,
        "interestincomeoperating": 0,
        "feesandcommissionsother": 88400000,
        "tradinggainslosses": 8128000,
        "noninterestincomeotheroperatingincome": 2509000,
        "revenues": 9282000,
        "interestexpenseoperating": 1063000,
        "netrevenues": 1446000,
        "laborandrelatedexpense": 763047000,
        "communicationsandinformationtechnology": 65018000,
        "occupancynet": 38694000,
        "floorbrokerageexchangeandclearancefees": 11405000,
        "businessdevelopment": 31488000,
        "noninterestexpenseinvestmentadvisoryfees": 8410000,
        "provisionforloanandleaselosses": 3737000,
        "businesscombinationacquisitionrelatedcosts": 20922000,
        "othernoninterestexpense": 41071000,
        "noninterestexpense": 12452000,
        "incomelossfromcontinuingoperationsbeforeincometaxesminorityinterestandincomelossfromequitymethodinvestments": 159303000,
        "incometaxexpensebenefit": 51057000,
        "profitloss": -11006000,
        "netincomelossattributabletononcontrollinginterest": -11051000,
        "netincomeloss": 45000,
        "earningspersharebasic": 0.57,
        "earningspersharediluted": 0.5599999999999999,
        "weightedaveragenumberofsharesoutstandingbasic": 632000,
        "weightedaveragenumberofdilutedsharesoutstanding": 975000,
        "othercomprehensiveincomeavailableforsalesecuritiesadjustmentandnoncreditportionofotherthantemporaryimpairmentlossesnetoftaxattributabletoparent": 3606000,
        "changeincurrencytranslationandnetinvestmenthedges": -4991000,
        "comprehensiveincomenetoftax": 78575000,
        "otherthantemporaryimpairmentlossesrecoveriesinvestmentsavailableforsalesecurities": -10072000,
        "otherthantemporaryimpairmentlossesinvestmentsportioninothercomprehensiveincomelossbeforetaxincludingportionattributabletononcontrollinginterestavailableforsalesecurities": 10842000,
        "otherthantemporaryimpairmentlossesinvestmentsportionrecognizedinearningsnetavailableforsalesecurities": 770000
    },
    {
        "date": "2012-12-30",
        "symbol": "RJF",
        "period": "Q1",
        "feesandcommissions": 738584000,
        "investmentbankingrevenue": 84870000,
        "investmentadvisoryfees": 62070000,
        "interestincomeoperating": 3000,
        "feesandcommissionsother": 88451000,
        "tradinggainslosses": 9339000,
        "noninterestincomeotheroperatingincome": 1515000,
        "revenues": 1488000,
        "interestexpenseoperating": 1049000,
        "netrevenues": 469000,
        "laborandrelatedexpense": 762548000,
        "communicationsandinformationtechnology": 60366000,
        "occupancynet": 39478000,
        "floorbrokerageexchangeandclearancefees": 10168000,
        "businessdevelopment": 30629000,
        "noninterestexpenseinvestmentadvisoryfees": 8050000,
        "provisionforloanandleaselosses": 2923000,
        "businesscombinationacquisitionrelatedcosts": 17382000,
        "othernoninterestexpense": 30777000,
        "noninterestexpense": 4691000,
        "incomelossfromcontinuingoperationsbeforeincometaxesminorityinterestandincomelossfromequitymethodinvestments": 147167000,
        "incometaxexpensebenefit": 53273000,
        "profitloss": -4222000,
        "netincomelossattributabletononcontrollinginterest": -4253000,
        "netincomeloss": 31000,
        "earningspersharebasic": 0.62,
        "earningspersharediluted": 0.61,
        "weightedaveragenumberofsharesoutstandingbasic": 136524000,
        "weightedaveragenumberofdilutedsharesoutstanding": 138694000,
        "othercomprehensiveincomeavailableforsalesecuritiesadjustmentandnoncreditportionofotherthantemporaryimpairmentlossesnetoftaxattributabletoparent": 10138000,
        "changeincurrencytranslationandnetinvestmenthedges": -3686000,
        "comprehensiveincomenetoftax": 92326000,
        "otherthantemporaryimpairmentlossesrecoveriesinvestmentsavailableforsalesecurities": 3354000,
        "otherthantemporaryimpairmentlossesinvestmentsportioninothercomprehensiveincomelossbeforetaxincludingportionattributabletononcontrollinginterestavailableforsalesecurities": -3739000,
        "otherthantemporaryimpairmentlossesinvestmentsportionrecognizedinearningsnetavailableforsalesecurities": -385000
    },
    {
        "date": "2012-06-29",
        "symbol": "RJF",
        "period": "Q3",
        "feesandcommissions": 733180000,
        "investmentbankingrevenue": 72266000,
        "investmentadvisoryfees": 57887000,
        "interestincomeoperating": 1000,
        "feesandcommissionsother": 82082000,
        "tradinggainslosses": 14544000,
        "noninterestincomeotheroperatingincome": 2356000,
        "revenues": 257291000,
        "interestexpenseoperating": 1177000,
        "netrevenues": 1180000,
        "laborandrelatedexpense": 736050000,
        "communicationsandinformationtechnology": 55282000,
        "occupancynet": 41087000,
        "floorbrokerageexchangeandclearancefees": 11025000,
        "businessdevelopment": 33098000,
        "noninterestexpenseinvestmentadvisoryfees": 7765000,
        "provisionforloanandleaselosses": 9315000,
        "businesscombinationacquisitionrelatedcosts": 20955000,
        "lossprovisionforauctionratesecurities": 45000000,
        "othernoninterestexpense": 33640000,
        "noninterestexpense": 4490000,
        "incomelossfromcontinuingoperationsbeforeincometaxesminorityinterestandincomelossfromequitymethodinvestments": 137991000,
        "incometaxexpensebenefit": 48520000,
        "profitloss": -3310000,
        "netincomelossattributabletononcontrollinginterest": -3377000,
        "netincomeloss": 67000,
        "earningspersharebasic": 0.55,
        "earningspersharediluted": 0.55,
        "weightedaveragenumberofsharesoutstandingbasic": 135256000,
        "weightedaveragenumberofdilutedsharesoutstanding": 136657000,
        "othercomprehensiveincomeavailableforsalesecuritiesadjustmentandnoncreditportionofotherthantemporaryimpairmentlossesnetoftaxattributabletoparent": 622000,
        "othercomprehensiveincomeforeigncurrencytransactionandtranslationadjustmentnetoftaxportionattributabletoparent": -8933000,
        "comprehensiveincomenetoftax": 68039000,
        "otherthantemporaryimpairmentlossesrecoveriesinvestmentsavailableforsalesecurities": 1260000,
        "otherthantemporaryimpairmentlossesinvestmentsportioninothercomprehensiveincomelossbeforetaxincludingportionattributabletononcontrollinginterestavailableforsalesecurities": 175000,
        "otherthantemporaryimpairmentlossesinvestmentsportionrecognizedinearningsnetavailableforsalesecurities": 1435000
    },
    {
        "date": "2012-03-30",
        "symbol": "RJF",
        "period": "Q2",
        "feesandcommissions": 558527000,
        "investmentbankingrevenue": 57954000,
        "investmentadvisoryfees": 54269000,
        "interestincomeoperating": 1000,
        "feesandcommissionsother": 75855000,
        "tradinggainslosses": 12979000,
        "noninterestincomeotheroperatingincome": 220000,
        "revenues": 7905000,
        "interestexpenseoperating": 1356000,
        "netrevenues": -1135000,
        "laborandrelatedexpense": 596891000,
        "communicationsandinformationtechnology": 43741000,
        "occupancynet": 27231000,
        "floorbrokerageexchangeandclearancefees": 9070000,
        "businessdevelopment": 27382000,
        "noninterestexpenseinvestmentadvisoryfees": 7143000,
        "provisionforloanandleaselosses": 5154000,
        "businesscombinationacquisitionrelatedcosts": 19604000,
        "othernoninterestexpense": 27819000,
        "noninterestexpense": 11257000,
        "incomelossfromcontinuingoperationsbeforeincometaxesminorityinterestandincomelossfromequitymethodinvestments": 107902000,
        "incometaxexpensebenefit": 42628000,
        "profitloss": -12392000,
        "netincomelossattributabletononcontrollinginterest": -12357000,
        "netincomeloss": -35000,
        "earningspersharebasic": 0.52,
        "earningspersharediluted": 0.52,
        "weightedaveragenumberofsharesoutstandingbasic": 129353000,
        "weightedaveragenumberofdilutedsharesoutstanding": 130644000,
        "othercomprehensiveincomeavailableforsalesecuritiesadjustmentandnoncreditportionofotherthantemporaryimpairmentlossesnetoftaxattributabletoparent": 11236000,
        "othercomprehensiveincomeforeigncurrencytransactionandtranslationadjustmentnetoftaxportionattributabletoparent": 2525000,
        "comprehensiveincomenetoftax": 82630000,
        "otherthantemporaryimpairmentlossesrecoveriesinvestmentsavailableforsalesecurities": 10853000,
        "otherthantemporaryimpairmentlossesinvestmentsportioninothercomprehensiveincomelossbeforetaxincludingportionattributabletononcontrollinginterestavailableforsalesecurities": -12190000,
        "otherthantemporaryimpairmentlossesinvestmentsportionrecognizedinearningsnetavailableforsalesecurities": -1337000
    },
    {
        "date": "2011-12-30",
        "symbol": "RJF",
        "period": "Q1",
        "feesandcommissions": 511334000,
        "investmentbankingrevenue": 39336000,
        "investmentadvisoryfees": 53505000,
        "interestincomeoperating": 1000,
        "feesandcommissionsother": 74010000,
        "tradinggainslosses": 9343000,
        "noninterestincomeotheroperatingincome": 333000,
        "revenues": 5544000,
        "interestexpenseoperating": 1305000,
        "netrevenues": -971000,
        "laborandrelatedexpense": 541622000,
        "communicationsandinformationtechnology": 37567000,
        "occupancynet": 25937000,
        "floorbrokerageexchangeandclearancefees": 7454000,
        "businessdevelopment": 27839000,
        "noninterestexpenseinvestmentadvisoryfees": 6562000,
        "provisionforloanandleaselosses": 7456000,
        "othernoninterestexpense": 23692000,
        "noninterestexpense": 4931000,
        "incomelossfromcontinuingoperationsbeforeincometaxesminorityinterestandincomelossfromequitymethodinvestments": 104648000,
        "incometaxexpensebenefit": 43526000,
        "profitloss": -5902000,
        "netincomelossattributabletononcontrollinginterest": -6428000,
        "netincomeloss": 526000,
        "earningspersharebasic": 0.53,
        "earningspersharediluted": 0.53,
        "weightedaveragenumberofsharesoutstandingbasic": 123225000,
        "weightedaveragenumberofdilutedsharesoutstanding": 123712000,
        "othercomprehensiveincomeavailableforsalesecuritiesadjustmentandnoncreditportionofotherthantemporaryimpairmentlossesnetoftaxattributabletoparent": -5661000,
        "othercomprehensiveincomeforeigncurrencytransactionandtranslationadjustmentnetoftaxportionattributabletoparent": 4820000,
        "comprehensiveincomenetoftax": 66484000,
        "otherthantemporaryimpairmentlossesrecoveriesinvestmentsavailableforsalesecurities": 4187000,
        "otherthantemporaryimpairmentlossesinvestmentsportioninothercomprehensiveincomelossbeforetaxincludingportionattributabletononcontrollinginterestavailableforsalesecurities": 2091000,
        "otherthantemporaryimpairmentlossesinvestmentsportionrecognizedinearningsnetavailableforsalesecurities": 2096000
    },
    {
        "date": "2011-06-29",
        "symbol": "RJF",
        "period": "Q3",
        "feesandcommissions": 551337000,
        "investmentbankingrevenue": 64518000,
        "investmentadvisoryfees": 55016000,
        "interestincomeoperating": 95832000,
        "tradinggainslosses": 7529000,
        "feesandcommissionsother": 38954000,
        "noninterestincomeotheroperatingincome": 55026000,
        "revenues": -8747000,
        "interestexpenseoperating": 17825000,
        "netrevenues": 850387000,
        "laborandrelatedexpense": 575726000,
        "communicationsandinformationtechnology": 36156000,
        "occupancynet": 27140000,
        "floorbrokerageexchangeandclearancefees": 10277000,
        "businessdevelopment": 24800000,
        "noninterestexpenseinvestmentadvisoryfees": 7703000,
        "provisionforloanandleaselosses": 213000,
        "lossprovisionforauctionratesecurities": 45000000,
        "othernoninterestexpense": 34143000,
        "noninterestexpense": 769308000,
        "incomelossfromcontinuingoperationsbeforeincometaxesminorityinterestandincomelossfromequitymethodinvestments": 81079000,
        "incometaxexpensebenefit": 31881000,
        "profitloss": 49198000,
        "netincomelossattributabletononcontrollinginterest": -2412000,
        "netincomeloss": 46786000,
        "earningspersharebasic": 0.37,
        "earningspersharediluted": 0.37,
        "weightedaveragenumberofsharesoutstandingbasic": 123238000,
        "weightedaveragenumberofdilutedsharesoutstanding": 123958000,
        "othercomprehensiveincomeavailableforsalesecuritiesadjustmentnetoftaxportionattributabletoparent": -26000,
        "othercomprehensiveincomeforeigncurrencytransactionandtranslationadjustmentnetoftaxportionattributabletoparent": 998000,
        "comprehensiveincomenetoftax": 47758000,
        "totalotherthantemporaryimpairmentlosses": -2680000,
        "portionofotherthantemporaryimparimentlossesrecognizedinothercomprehensiveincome": 425000,
        "netimpairmentlossesonavailableforsaledebtsecurities": -2255000
    },
    {
        "date": "2011-03-30",
        "symbol": "RJF",
        "period": "Q2",
        "feesandcommissions": 563710000,
        "investmentbankingrevenue": 63131000,
        "investmentadvisoryfees": 52441000,
        "interestincomeoperating": 96811000,
        "tradinggainslosses": 15246000,
        "feesandcommissionsother": 41291000,
        "noninterestincomeotheroperatingincome": 34114000,
        "revenues": 866744000,
        "interestexpenseoperating": 14687000,
        "netrevenues": 852057000,
        "laborandrelatedexpense": 579587000,
        "communicationsandinformationtechnology": 36380000,
        "occupancynet": 26773000,
        "floorbrokerageexchangeandclearancefees": 9447000,
        "businessdevelopment": 22820000,
        "noninterestexpenseinvestmentadvisoryfees": 7867000,
        "provisionforloanandleaselosses": 8637000,
        "othernoninterestexpense": 36308000,
        "noninterestexpense": 727819000,
        "incomelossfromcontinuingoperationsbeforeincometaxesminorityinterestandincomelossfromequitymethodinvestments": 124238000,
        "incometaxexpensebenefit": 45320000,
        "profitloss": 78918000,
        "netincomelossattributabletononcontrollinginterest": -1999000,
        "netincomeloss": 80917000,
        "earningspersharebasic": 0.64,
        "earningspersharediluted": 0.64,
        "weightedaveragenumberofsharesoutstandingbasic": 122396000,
        "weightedaveragenumberofdilutedsharesoutstanding": 123265000,
        "othercomprehensiveincomeavailableforsalesecuritiesadjustmentnetoftaxportionattributabletoparent": 2024000,
        "othercomprehensiveincomeforeigncurrencytransactionandtranslationadjustmentnetoftaxportionattributabletoparent": 3703000,
        "comprehensiveincomenetoftax": 86644000,
        "totalotherthantemporaryimpairmentlosses": -2163000,
        "portionofotherthantemporaryimparimentlossesrecognizedinothercomprehensiveincome": -1056000,
        "netimpairmentlossesonavailableforsaledebtsecurities": -3219000
    },
    {
        "date": "2010-12-30",
        "symbol": "RJF",
        "period": "Q1",
        "feesandcommissions": 534139000,
        "investmentbankingrevenue": 58969000,
        "investmentadvisoryfees": 52216000,
        "interestincomeoperating": 104386000,
        "tradinggainslosses": 6322000,
        "feesandcommissionsother": 41788000,
        "noninterestincomeotheroperatingincome": 32513000,
        "revenues": 830333000,
        "interestexpenseoperating": 16504000,
        "netrevenues": 813829000,
        "laborandrelatedexpense": 551884000,
        "communicationsandinformationtechnology": 31145000,
        "occupancynet": 26229000,
        "floorbrokerageexchangeandclearancefees": 9917000,
        "businessdevelopment": 23945000,
        "noninterestexpenseinvestmentadvisoryfees": 6904000,
        "provisionforloanandleaselosses": 11232000,
        "othernoninterestexpense": 25827000,
        "noninterestexpense": 687083000,
        "incomelossfromcontinuingoperationsbeforeincometaxesminorityinterestandincomelossfromequitymethodinvestments": 126746000,
        "incometaxexpensebenefit": 48791000,
        "profitloss": 77955000,
        "netincomelossattributabletononcontrollinginterest": -3768000,
        "netincomeloss": 81723000,
        "earningspersharebasic": 0.65,
        "earningspersharediluted": 0.65,
        "weightedaveragenumberofsharesoutstandingbasic": 121155000,
        "weightedaveragenumberofdilutedsharesoutstanding": 121534000,
        "othercomprehensiveincomeavailableforsalesecuritiesadjustmentnetoftaxportionattributabletoparent": 4897000,
        "othercomprehensiveincomeforeigncurrencytransactionandtranslationadjustmentnetoftaxportionattributabletoparent": 5504000,
        "comprehensiveincomenetoftax": 92124000,
        "totalotherthantemporaryimpairmentlosses": 779000,
        "portionofotherthantemporaryimparimentlossesrecognizedinothercomprehensiveincome": -2958000,
        "netimpairmentlossesonavailableforsaledebtsecurities": -2179000
    },
    {
        "date": "2010-06-29",
        "symbol": "RJF",
        "period": "Q3",
        "feesandcommissions": 505246000,
        "investmentbankingrevenue": 41914000,
        "investmentadvisoryfees": 44318000,
        "interestincomeoperating": 92780000,
        "tradinggainslosses": 3047000,
        "feesandcommissionsother": 41718000,
        "noninterestincomeotheroperatingincome": 34589000,
        "revenues": 763612000,
        "interestexpenseoperating": 16239000,
        "netrevenues": 747373000,
        "laborandrelatedexpense": 513676000,
        "communicationsandinformationtechnology": 29995000,
        "occupancynet": 26679000,
        "floorbrokerageexchangeandclearancefees": 9480000,
        "businessdevelopment": 18878000,
        "noninterestexpenseinvestmentadvisoryfees": 6988000,
        "provisionforloanandleaselosses": 17098000,
        "othernoninterestexpense": 29232000,
        "noninterestexpense": 652026000,
        "incomelossfromcontinuingoperationsbeforeincometaxesminorityinterestandincomelossfromequitymethodinvestments": 95347000,
        "incometaxexpensebenefit": 36824000,
        "profitloss": 58523000,
        "netincomelossattributabletononcontrollinginterest": -2164000,
        "netincomeloss": 60687000,
        "earningspersharebasic": 0.49,
        "earningspersharediluted": 0.48,
        "weightedaveragenumberofsharesoutstandingbasic": 119622000,
        "weightedaveragenumberofdilutedsharesoutstanding": 120019000,
        "othercomprehensiveincomeavailableforsalesecuritiesadjustmentnetoftaxportionattributabletoparent": 5965000,
        "othercomprehensiveincomeforeigncurrencytransactionandtranslationadjustmentnetoftaxportionattributabletoparent": -7516000,
        "comprehensiveincomenetoftax": 59136000,
        "totalotherthantemporaryimpairmentlosses": -2264000,
        "portionofotherthantemporaryimparimentlossesrecognizedinothercomprehensiveincome": -251000,
        "netimpairmentlossesonavailableforsaledebtsecurities": -2515000
    }
]