[
    {
        "date": "2024-03-30",
        "symbol": "LNG",
        "period": "Q1",
        "revenues": 4037000000,
        "costofgoodsandserviceexcludingdepreciationdepletionandamortization": 2236000000,
        "operatingcostsandexpenses": 451000000,
        "sellinggeneralandadministrativeexpense": 101000000,
        "depreciationdepletionandamortization": 302000000,
        "othercostandexpenseoperating": 9000000,
        "costsandexpenses": 3099000000,
        "operatingincomeloss": 1154000000,
        "interestexpense": 266000000,
        "investmentincomeinterestanddividend": 61000000,
        "othernonoperatingincomeexpense": -1000000,
        "nonoperatingincomeexpense": -206000000,
        "incomelossfromcontinuingoperationsbeforeincometaxesextraordinaryitemsnoncontrollinginterest": 948000000,
        "incometaxexpensebenefit": 109000000,
        "profitloss": 839000000,
        "netincomelossattributabletononcontrollinginterest": 337000000,
        "netincomeloss": 502000000,
        "earningspersharebasic": 2.14,
        "earningspersharediluted": 2.13,
        "weightedaveragenumberofsharesoutstandingbasic": 234200000,
        "weightedaveragenumberofdilutedsharesoutstanding": 235000000
    },
    {
        "date": "2023-12-30",
        "symbol": "LNG",
        "period": "Q4",
        "revenues": 15590000000,
        "costofgoodsandserviceexcludingdepreciationdepletionandamortization": 1427000000,
        "operatingcostsandexpenses": 1360000000,
        "sellinggeneralandadministrativeexpense": 178000000,
        "depreciationdepletionandamortization": 304000000,
        "costsandexpenses": 2388000000,
        "operatingincomeloss": 2435000000,
        "interestexpense": 270000000,
        "gainslossesonmodificationorextinguishmentofdebt": 17000000,
        "othernonoperatingincomeexpense": -3000000,
        "nonoperatingincomeexpense": -209000000,
        "incomelossfromcontinuingoperationsbeforeincometaxesextraordinaryitemsnoncontrollinginterest": 2226000000,
        "incometaxexpensebenefit": 400000000,
        "profitloss": 1826000000,
        "netincomelossattributabletononcontrollinginterest": 449000000,
        "netincomeloss": 1377000000,
        "earningspersharebasic": 5.920000000000005,
        "earningspersharediluted": 5.899999999999999,
        "weightedaveragenumberofsharesoutstandingbasic": 241000000,
        "weightedaveragenumberofdilutedsharesoutstanding": 242600000
    },
    {
        "date": "2023-09-29",
        "symbol": "LNG",
        "period": "Q3",
        "revenues": 3974000000,
        "costofgoodsandserviceexcludingdepreciationdepletionandamortization": 556000000,
        "operatingcostsandexpenses": 445000000,
        "sellinggeneralandadministrativeexpense": 102000000,
        "depreciationdepletionandamortization": 298000000,
        "othercostandexpenseoperating": 3000000,
        "costsandexpenses": 1404000000,
        "operatingincomeloss": 2755000000,
        "interestexpense": 283000000,
        "gainslossesonmodificationorextinguishmentofdebt": -3000000,
        "investmentincomeinterestanddividend": 58000000,
        "othernonoperatingincomeexpense": 4000000,
        "nonoperatingincomeexpense": -224000000,
        "incomelossfromcontinuingoperationsbeforeincometaxesextraordinaryitemsnoncontrollinginterest": 2531000000,
        "incometaxexpensebenefit": 440000000,
        "profitloss": 2091000000,
        "netincomelossattributabletononcontrollinginterest": 390000000,
        "netincomeloss": 1701000000,
        "earningspersharebasic": 7.08,
        "earningspersharediluted": 7.03,
        "weightedaveragenumberofsharesoutstandingbasic": 240200000,
        "weightedaveragenumberofdilutedsharesoutstanding": 242000000
    },
    {
        "date": "2023-06-29",
        "symbol": "LNG",
        "period": "Q2",
        "revenues": 2000000,
        "costofgoodsandserviceexcludingdepreciationdepletionandamortization": 912000000,
        "operatingcostsandexpenses": 12000000,
        "sellinggeneralandadministrativeexpense": 87000000,
        "depreciationdepletionandamortization": 297000000,
        "costsandexpenses": 1794000000,
        "operatingincomeloss": 2308000000,
        "interestexpense": 291000000,
        "gainslossesonmodificationorextinguishmentofdebt": -19000000,
        "othernonoperatingincomeexpense": -34000000,
        "nonoperatingincomeexpense": -238000000,
        "incomelossfromcontinuingoperationsbeforeincometaxesextraordinaryitemsnoncontrollinginterest": 2070000000,
        "incometaxexpensebenefit": 363000000,
        "profitloss": 1707000000,
        "netincomelossattributabletononcontrollinginterest": 338000000,
        "netincomeloss": 1369000000,
        "earningspersharebasic": 5.709999999999997,
        "earningspersharediluted": 5.689999999999998,
        "weightedaveragenumberofsharesoutstandingbasic": -800000,
        "weightedaveragenumberofdilutedsharesoutstanding": -1000000
    },
    {
        "date": "2023-03-30",
        "symbol": "LNG",
        "period": "Q1",
        "revenues": 3000000,
        "revenuefromcontractwithcustomerexcludingassessedtax": 7099000000,
        "costofgoodsandserviceexcludingdepreciationdepletionandamortization": -1539000000,
        "operatingcostsandexpenses": 18000000,
        "sellinggeneralandadministrativeexpense": 107000000,
        "depreciationdepletionandamortization": 297000000,
        "researchanddevelopmentexpense": 10000000,
        "costsandexpenses": -681000000,
        "operatingincomeloss": 7991000000,
        "interestexpense": 297000000,
        "gainslossesonmodificationorextinguishmentofdebt": 20000000,
        "othernonoperatingincomeexpense": 37000000,
        "nonoperatingincomeexpense": -240000000,
        "incomelossfromcontinuingoperationsbeforeincometaxesextraordinaryitemsnoncontrollinginterest": 7751000000,
        "incometaxexpensebenefit": 1316000000,
        "profitloss": 6435000000,
        "netincomelossattributabletononcontrollinginterest": 1001000000,
        "netincomeloss": 5434000000,
        "earningspersharebasic": 22.28,
        "earningspersharediluted": 22.1,
        "weightedaveragenumberofsharesoutstandingbasic": 243900000,
        "weightedaveragenumberofdilutedsharesoutstanding": 245800000
    },
    {
        "date": "2022-12-30",
        "symbol": "LNG",
        "period": "Q4",
        "revenues": 7537000000,
        "revenuefromcontractwithcustomerexcludingassessedtax": -23683000000,
        "costofgoodsandserviceexcludingdepreciationdepletionandamortization": 25631000000,
        "operatingcostsandexpenses": 36000000,
        "sellinggeneralandadministrativeexpense": 151000000,
        "depreciationdepletionandamortization": 292000000,
        "researchanddevelopmentexpense": 4000000,
        "costsandexpenses": -26474000000,
        "operatingincomeloss": 6711000000,
        "interestexpense": -969000000,
        "gainslossesonmodificationorextinguishmentofdebt": -28000000,
        "othernonoperatingincomeexpense": 26000000,
        "nonoperatingincomeexpense": 1019000000,
        "incomelossfromcontinuingoperationsbeforeincometaxesextraordinaryitemsnoncontrollinginterest": 3150000000,
        "incometaxexpensebenefit": 1327000000,
        "profitloss": 5147000000,
        "netincomelossattributabletononcontrollinginterest": 1210000000,
        "netincomeloss": 3937000000,
        "earningspersharebasic": 15.63,
        "earningspersharediluted": 15.58,
        "weightedaveragenumberofsharesoutstandingbasic": -1400000,
        "weightedaveragenumberofdilutedsharesoutstanding": 900000
    },
    {
        "date": "2022-09-29",
        "symbol": "LNG",
        "period": "Q3",
        "revenues": 1000000,
        "revenuefromcontractwithcustomerexcludingassessedtax": 8904000000,
        "costofgoodsandserviceexcludingdepreciationdepletionandamortization": -7336000000,
        "operatingcostsandexpenses": 25000000,
        "researchanddevelopmentexpense": 4000000,
        "sellinggeneralandadministrativeexpense": 92000000,
        "depreciationdepletionandamortization": 280000000,
        "costsandexpenses": 11868000000,
        "operatingincomeloss": -3016000000,
        "interestexpense": 354000000,
        "gainslossesonmodificationorextinguishmentofdebt": 62000000,
        "gainlossonderivativeinstrumentsnetpretax": 0,
        "othernonoperatingincomeexpense": -29000000,
        "nonoperatingincomeexpense": -380000000,
        "incomelossfromcontinuingoperationsbeforeincometaxesextraordinaryitemsnoncontrollinginterest": -3396000000,
        "incometaxexpensebenefit": -752000000,
        "profitloss": -2644000000,
        "netincomelossattributabletononcontrollinginterest": -259000000,
        "netincomeloss": -2385000000,
        "earningspersharebasic": -9.45,
        "earningspersharediluted": -9.43,
        "weightedaveragenumberofsharesoutstandingbasic": -255100000,
        "weightedaveragenumberofdilutedsharesoutstanding": -257400000
    },
    {
        "date": "2022-06-29",
        "symbol": "LNG",
        "period": "Q2",
        "revenues": 2000000,
        "revenuefromcontractwithcustomerexcludingassessedtax": 7882000000,
        "costofgoodsandserviceexcludingdepreciationdepletionandamortization": 1000000,
        "operatingcostsandexpenses": 18000000,
        "researchanddevelopmentexpense": 3000000,
        "sellinggeneralandadministrativeexpense": 77000000,
        "depreciationdepletionandamortization": 276000000,
        "gainlossondispositionofassets1": -3000000,
        "costsandexpenses": 6530000000,
        "operatingincomeloss": 1477000000,
        "interestexpense": 357000000,
        "gainslossesonmodificationorextinguishmentofdebt": -28000000,
        "gainlossonderivativeinstrumentsnetpretax": -1000000,
        "othernonoperatingincomeexpense": 3000000,
        "nonoperatingincomeexpense": -383000000,
        "incomelossfromcontinuingoperationsbeforeincometaxesextraordinaryitemsnoncontrollinginterest": 1094000000,
        "incometaxexpensebenefit": 181000000,
        "profitloss": 913000000,
        "netincomelossattributabletononcontrollinginterest": 172000000,
        "netincomeloss": 741000000,
        "earningspersharebasic": 2.92,
        "earningspersharediluted": 2.9,
        "weightedaveragenumberofsharesoutstandingbasic": 253600000,
        "weightedaveragenumberofdilutedsharesoutstanding": 255900000
    },
    {
        "date": "2022-03-30",
        "symbol": "LNG",
        "period": "Q1",
        "revenues": 2000000,
        "revenuefromcontractwithcustomerexcludingassessedtax": 7657000000,
        "costofgoodsandserviceexcludingdepreciationdepletionandamortization": 7336000000,
        "operatingcostsandexpenses": 2000000,
        "researchanddevelopmentexpense": 5000000,
        "sellinggeneralandadministrativeexpense": 96000000,
        "depreciationdepletionandamortization": 271000000,
        "costsandexpenses": 8097000000,
        "operatingincomeloss": -613000000,
        "interestexpense": 349000000,
        "gainslossesonmodificationorextinguishmentofdebt": -18000000,
        "gainlossonderivativeinstrumentsnetpretax": 3000000,
        "othernonoperatingincomeexpense": 5000000,
        "nonoperatingincomeexpense": -359000000,
        "incomelossfromcontinuingoperationsbeforeincometaxesextraordinaryitemsnoncontrollinginterest": -972000000,
        "incometaxexpensebenefit": -191000000,
        "profitloss": -781000000,
        "netincomelossattributabletononcontrollinginterest": 84000000,
        "netincomeloss": -865000000,
        "earningspersharebasic": -3.41,
        "earningspersharediluted": -3.41,
        "weightedaveragenumberofsharesoutstandingbasic": 254000000,
        "weightedaveragenumberofdilutedsharesoutstanding": 254000000
    },
    {
        "date": "2021-12-30",
        "symbol": "LNG",
        "period": "Q4",
        "revenues": 5063000000,
        "revenuefromcontractwithcustomerexcludingassessedtax": -10274000000,
        "costofgoodsandserviceexcludingdepreciationdepletionandamortization": -88000000,
        "operatingcostsandexpenses": -15000000,
        "researchanddevelopmentexpense": 2000000,
        "sellinggeneralandadministrativeexpense": 101000000,
        "depreciationdepletionandamortization": 258000000,
        "costsandexpenses": -10429000000,
        "operatingincomeloss": 439000000,
        "interestexpense": -937000000,
        "gainslossesonmodificationorextinguishmentofdebt": -20000000,
        "gainlossonderivativeinstrumentsnetpretax": -3500000000,
        "othernonoperatingincomeexpense": -8000000,
        "nonoperatingincomeexpense": -1541000000,
        "incomelossfromcontinuingoperationsbeforeincometaxesextraordinaryitemsnoncontrollinginterest": -419000000,
        "incometaxexpensebenefit": 1448000000,
        "profitloss": -1089000000,
        "netincomelossattributabletononcontrollinginterest": 234000000,
        "netincomeloss": -1323000000,
        "weightedaveragenumberofsharesoutstandingbasic": -506600000,
        "weightedaveragenumberofdilutedsharesoutstanding": -512600000
    },
    {
        "date": "2021-09-29",
        "symbol": "LNG",
        "period": "Q3",
        "revenues": 2000000,
        "revenuefromcontractwithcustomerexcludingassessedtax": 4259000000,
        "costofgoodsandserviceexcludingdepreciationdepletionandamortization": 53000000,
        "operatingcostsandexpenses": 2000000,
        "researchanddevelopmentexpense": 2000000,
        "sellinggeneralandadministrativeexpense": 70000000,
        "depreciationdepletionandamortization": 259000000,
        "gainlossonsalesofassetsandassetimpairmentcharges": -1000000,
        "costsandexpenses": 5550000000,
        "operatingincomeloss": -2350000000,
        "interestexpense": 364000000,
        "gainslossesonmodificationorextinguishmentofdebt": -36000000,
        "gainlossonderivativeinstrumentsnetpretax": 3500000000,
        "othernonoperatingincomeexpense": -24000000,
        "nonoperatingincomeexpense": -426000000,
        "incomelossfromcontinuingoperationsbeforeincometaxesextraordinaryitemsnoncontrollinginterest": -2776000000,
        "incometaxexpensebenefit": -1860000000,
        "profitloss": -916000000,
        "netincomelossattributabletononcontrollinginterest": 168000000,
        "netincomeloss": -1084000000,
        "earningspersharebasicanddiluted": -4.27,
        "weightedaveragenumberofsharesoutstandingbasic": 253600000,
        "weightedaveragenumberofdilutedsharesoutstanding": 253600000
    },
    {
        "date": "2021-06-29",
        "symbol": "LNG",
        "period": "Q2",
        "revenues": 1000000,
        "revenuefromcontractwithcustomerexcludingassessedtax": 3388000000,
        "costofgoodsandserviceexcludingdepreciationdepletionandamortization": 1000000,
        "operatingcostsandexpenses": 12000000,
        "researchanddevelopmentexpense": 2000000,
        "sellinggeneralandadministrativeexpense": 73000000,
        "depreciationdepletionandamortization": 258000000,
        "gainlossonsalesofassetsandassetimpairmentcharges": 1000000,
        "costsandexpenses": 2871000000,
        "operatingincomeloss": 146000000,
        "interestexpense": 368000000,
        "gainslossesonmodificationorextinguishmentofdebt": -4000000,
        "gainlossonderivativeinstrumentsnetpretax": -2000000,
        "othernonoperatingincomeexpense": 4000000,
        "nonoperatingincomeexpense": -370000000,
        "incomelossfromcontinuingoperationsbeforeincometaxesextraordinaryitemsnoncontrollinginterest": -224000000,
        "incometaxexpensebenefit": -93000000,
        "profitloss": -131000000,
        "netincomelossattributabletononcontrollinginterest": 198000000,
        "netincomeloss": -329000000,
        "earningspersharebasic": -1.3,
        "earningspersharediluted": -1.3,
        "weightedaveragenumberofsharesoutstandingbasic": 253500000,
        "weightedaveragenumberofdilutedsharesoutstanding": 253500000
    },
    {
        "date": "2021-03-30",
        "symbol": "LNG",
        "period": "Q1",
        "revenues": 2000000,
        "revenuefromcontractwithcustomerexcludingassessedtax": 3126000000,
        "costofgoodsandserviceexcludingdepreciationdepletionandamortization": 35000000,
        "operatingcostsandexpenses": 10000000,
        "researchanddevelopmentexpense": 1000000,
        "sellinggeneralandadministrativeexpense": 81000000,
        "depreciationdepletionandamortization": 236000000,
        "costsandexpenses": 2026000000,
        "operatingincomeloss": 1064000000,
        "interestexpense": 356000000,
        "gainslossesonmodificationorextinguishmentofdebt": 54000000,
        "gainlossonderivativeinstrumentsnetpretax": 1000000,
        "othernonoperatingincomeexpense": 6000000,
        "nonoperatingincomeexpense": -404000000,
        "incomelossfromcontinuingoperationsbeforeincometaxesextraordinaryitemsnoncontrollinginterest": 660000000,
        "incometaxexpensebenefit": 89000000,
        "profitloss": 571000000,
        "netincomelossattributabletononcontrollinginterest": 178000000,
        "netincomeloss": 393000000,
        "earningspersharebasic": 1.56,
        "earningspersharediluted": 1.54,
        "weightedaveragenumberofsharesoutstandingbasic": 252900000,
        "weightedaveragenumberofdilutedsharesoutstanding": 258899999.99999997
    },
    {
        "date": "2020-12-30",
        "symbol": "LNG",
        "period": "Q4",
        "revenues": 2688000000,
        "revenuefromcontractwithcustomerexcludingassessedtax": 67000000,
        "costofgoodsandserviceexcludingdepreciationdepletionandamortization": 1866000000,
        "operatingcostsandexpenses": 332000000,
        "sellinggeneralandadministrativeexpense": 78000000,
        "depreciationdepletionandamortization": 233000000,
        "costsandexpenses": 2511000000,
        "operatingincomeloss": 276000000,
        "interestexpense": 351000000,
        "gainslossesonmodificationorextinguishmentofdebt": -2000000,
        "othernonoperatingincomeexpense": 3000000,
        "nonoperatingincomeexpense": -350000000,
        "incomelossfromcontinuingoperationsbeforeincometaxesextraordinaryitemsnoncontrollinginterest": -74000000,
        "incometaxexpensebenefit": -76000000,
        "profitloss": 2000000,
        "netincomelossattributabletononcontrollinginterest": 196000000,
        "netincomeloss": -194000000,
        "weightedaveragenumberofsharesoutstandingbasic": -100000,
        "weightedaveragenumberofdilutedsharesoutstanding": -800000
    },
    {
        "date": "2020-09-29",
        "symbol": "LNG",
        "period": "Q3",
        "revenues": 1373000000,
        "revenuefromcontractwithcustomerexcludingassessedtax": 67000000,
        "costofgoodsandserviceexcludingdepreciationdepletionandamortization": 768000000,
        "operatingcostsandexpenses": 986000000,
        "researchanddevelopmentexpense": 0,
        "sellinggeneralandadministrativeexpense": 70000000,
        "depreciationdepletionandamortization": 233000000,
        "costsandexpenses": 1388000000,
        "operatingincomeloss": 72000000,
        "interestexpense": 355000000,
        "gainslossesonmodificationorextinguishmentofdebt": -171000000,
        "gainlossonderivativeinstrumentsnetpretax": 0,
        "othernonoperatingincomeexpense": -129000000,
        "nonoperatingincomeexpense": -655000000,
        "incomelossfromcontinuingoperationsbeforeincometaxesextraordinaryitemsnoncontrollinginterest": -583000000,
        "incometaxexpensebenefit": -75000000,
        "profitloss": -508000000,
        "netincomelossattributabletononcontrollinginterest": -45000000,
        "netincomeloss": -463000000,
        "weightedaveragenumberofsharesoutstandingbasic": -100000,
        "weightedaveragenumberofdilutedsharesoutstanding": -100000
    },
    {
        "date": "2020-06-29",
        "symbol": "LNG",
        "period": "Q2",
        "revenues": 2295000000,
        "revenuefromcontractwithcustomerexcludingassessedtax": 68000000,
        "costofgoodsandserviceexcludingdepreciationdepletionandamortization": 803000000,
        "operatingcostsandexpenses": -314000000,
        "researchanddevelopmentexpense": 1000000,
        "sellinggeneralandadministrativeexpense": 73000000,
        "depreciationdepletionandamortization": 233000000,
        "gainlossonsalesofassetsandassetimpairmentcharges": 0,
        "costsandexpenses": 1465000000,
        "operatingincomeloss": 937000000,
        "interestexpense": 407000000,
        "gainslossesonmodificationorextinguishmentofdebt": -43000000,
        "gainlossonderivativeinstrumentsnetpretax": -25000000,
        "othernonoperatingincomeexpense": 5000000,
        "nonoperatingincomeexpense": -470000000,
        "incomelossfromcontinuingoperationsbeforeincometaxesextraordinaryitemsnoncontrollinginterest": 467000000,
        "incometaxexpensebenefit": 63000000,
        "profitloss": 404000000,
        "netincomelossattributabletononcontrollinginterest": 207000000,
        "netincomeloss": 197000000,
        "earningspersharebasic": 0.79,
        "earningspersharediluted": 0.8299999999999998,
        "weightedaveragenumberofsharesoutstandingbasic": -400000,
        "weightedaveragenumberofdilutedsharesoutstanding": -46300000
    },
    {
        "date": "2020-03-30",
        "symbol": "LNG",
        "period": "Q1",
        "revenues": 2568000000,
        "revenuefromcontractwithcustomerexcludingassessedtax": 67000000,
        "costofgoodsandserviceexcludingdepreciationdepletionandamortization": 724000000,
        "operatingcostsandexpenses": 316000000,
        "researchanddevelopmentexpense": 4000000,
        "sellinggeneralandadministrativeexpense": 81000000,
        "depreciationdepletionandamortization": 233000000,
        "gainlossonsalesofassetsandassetimpairmentcharges": -5000000,
        "costsandexpenses": 1363000000,
        "operatingincomeloss": 1346000000,
        "interestexpense": 412000000,
        "gainslossesonmodificationorextinguishmentofdebt": -1000000,
        "gainlossonderivativeinstrumentsnetpretax": -208000000,
        "othernonoperatingincomeexpense": 9000000,
        "nonoperatingincomeexpense": -612000000,
        "incomelossfromcontinuingoperationsbeforeincometaxesextraordinaryitemsnoncontrollinginterest": 734000000,
        "incometaxexpensebenefit": 131000000,
        "profitloss": 603000000,
        "netincomelossattributabletononcontrollinginterest": 228000000,
        "netincomeloss": 375000000,
        "earningspersharebasic": 1.48,
        "earningspersharediluted": 1.43,
        "weightedaveragenumberofsharesoutstandingbasic": 253000000,
        "weightedaveragenumberofdilutedsharesoutstanding": 299600000
    },
    {
        "date": "2019-12-30",
        "symbol": "LNG",
        "period": "Q4",
        "revenues": 2871000000,
        "revenuefromcontractwithcustomerexcludingassessedtax": 67000000,
        "operatingcostsandexpenses": 330000000,
        "researchanddevelopmentexpense": 3000000,
        "sellinggeneralandadministrativeexpense": 88000000,
        "depreciationdepletionandamortization": 233000000,
        "gainlossonsalesofassetsandassetimpairmentcharges": -16000000,
        "operatingexpenses": 1991000000,
        "operatingincomeloss": 1016000000,
        "interestexpense": 418000000,
        "gainlossonderivativeinstrumentsnetpretax": 53000000,
        "othernonoperatingincomeexpense": 13000000,
        "nonoperatingincomeexpense": -380000000,
        "incomelossfromcontinuingoperationsbeforeincometaxesextraordinaryitemsnoncontrollinginterest": 636000000,
        "profitloss": 1153000000,
        "netincomelossattributabletononcontrollinginterest": 214000000,
        "netincomeloss": 939000000,
        "earningspersharebasic": 3.67,
        "earningspersharediluted": 3.6499999999999995,
        "weightedaveragenumberofsharesoutstandingbasic": -257100000,
        "weightedaveragenumberofdilutedsharesoutstanding": -256500000
    },
    {
        "date": "2019-09-29",
        "symbol": "LNG",
        "period": "Q3",
        "revenues": 2059000000,
        "revenuefromcontractwithcustomerexcludingassessedtax": 66000000,
        "costofgoodsandserviceexcludingdepreciationdepletionandamortization": 1267000000,
        "operatingcostsandexpenses": 308000000,
        "researchanddevelopmentexpense": 2000000,
        "sellinggeneralandadministrativeexpense": 72000000,
        "depreciationdepletionandamortization": 213000000,
        "gainlossonsalesofassetsandassetimpairmentcharges": -1000000,
        "operatingexpenses": 1863000000,
        "operatingincomeloss": 307000000,
        "interestexpense": 395000000,
        "gainslossesonmodificationorextinguishmentofdebt": 13000000,
        "gainlossonderivativeinstrumentsnetpretax": -78000000,
        "othernonoperatingincomeexpense": -70000000,
        "nonoperatingincomeexpense": -570000000,
        "incomelossfromcontinuingoperationsbeforeincometaxesextraordinaryitemsnoncontrollinginterest": -263000000,
        "incometaxexpensebenefit": -3000000,
        "profitloss": -260000000,
        "netincomelossattributabletononcontrollinginterest": 58000000,
        "netincomeloss": -318000000,
        "earningspersharebasic": -1.25,
        "earningspersharediluted": -1.25,
        "weightedaveragenumberofsharesoutstandingbasic": 256000000,
        "weightedaveragenumberofdilutedsharesoutstanding": 256000000
    },
    {
        "date": "2019-06-29",
        "symbol": "LNG",
        "period": "Q2",
        "revenues": 2173000000,
        "revenuefromcontractwithcustomerexcludingassessedtax": 67000000,
        "costofgoodsandservicessold": 1287000000,
        "operatingcostsandexpenses": 295000000,
        "researchanddevelopmentexpense": 3000000,
        "sellinggeneralandadministrativeexpense": 77000000,
        "depreciationdepletionandamortization": 204000000,
        "gainlossonsalesofassetsandassetimpairmentcharges": -4000000,
        "operatingexpenses": 1860000000,
        "operatingincomeloss": 432000000,
        "interestexpense": 372000000,
        "gainlossonderivativeinstrumentsnetpretax": -74000000,
        "othernonoperatingincomeexpense": 16000000,
        "nonoperatingincomeexpense": -430000000,
        "incomelossfromcontinuingoperationsbeforeincometaxesextraordinaryitemsnoncontrollinginterest": 2000000,
        "incometaxexpensebenefit": 0,
        "profitloss": 2000000,
        "netincomelossattributabletononcontrollinginterest": 116000000,
        "netincomeloss": -114000000,
        "earningspersharebasic": -0.44000000000000006,
        "earningspersharediluted": -0.43000000000000005,
        "weightedaveragenumberofsharesoutstandingbasic": 200000,
        "weightedaveragenumberofdilutedsharesoutstanding": 100000
    },
    {
        "date": "2019-03-30",
        "symbol": "LNG",
        "period": "Q1",
        "revenues": 2143000000,
        "revenuefromcontractwithcustomerexcludingassessedtax": 66000000,
        "costofgoodsandservicessold": 1204000000,
        "relatedpartycosts": 10000000,
        "operatingcostsandexpenses": 221000000,
        "researchanddevelopmentexpense": 1000000,
        "sellinggeneralandadministrativeexpense": 73000000,
        "depreciationdepletionandamortization": 144000000,
        "gainlossonsalesofassetsandassetimpairmentcharges": -2000000,
        "operatingexpenses": 1655000000,
        "operatingincomeloss": 606000000,
        "interestexpense": 247000000,
        "gainlossonderivativeinstrumentsnetpretax": -35000000,
        "othernonoperatingincomeexpense": 16000000,
        "nonoperatingincomeexpense": -266000000,
        "incomelossfromcontinuingoperationsbeforeincometaxesextraordinaryitemsnoncontrollinginterest": 340000000,
        "incometaxexpensebenefit": 3000000,
        "profitloss": 337000000,
        "netincomelossattributabletononcontrollinginterest": 196000000,
        "netincomeloss": 141000000,
        "earningspersharebasic": 0.55,
        "earningspersharediluted": 0.54,
        "weightedaveragenumberofsharesoutstandingbasic": 257100000,
        "weightedaveragenumberofdilutedsharesoutstanding": 258500000
    },
    {
        "date": "2018-12-30",
        "symbol": "LNG",
        "period": "Q4",
        "revenues": 6275000000,
        "operatingcostsandexpenses": 7500000,
        "researchanddevelopmentexpense": 1000000,
        "sellinggeneralandadministrativeexpense": 75000000,
        "depreciationdepletionandamortization": 116000000,
        "operatingexpenses": 1867000000,
        "operatingincomeloss": 516000000,
        "interestexpense": -525000000,
        "gainlossonderivativeinstrumentsnetpretax": -75000000,
        "othernonoperatingincomeexpense": 16000000,
        "nonoperatingincomeexpense": 995000000,
        "incomelossfromcontinuingoperationsbeforeincometaxesextraordinaryitemsnoncontrollinginterest": 235000000,
        "incometaxexpensebenefit": 12000000,
        "profitloss": 223000000,
        "netincomelossattributabletononcontrollinginterest": 156000000,
        "netincomeloss": 67000000,
        "earningspersharebasic": 0.20999999999999996,
        "earningspersharediluted": 0.20999999999999996,
        "weightedaveragenumberofsharesoutstandingbasic": -479900000,
        "weightedaveragenumberofdilutedsharesoutstanding": -483000000
    },
    {
        "date": "2018-09-29",
        "symbol": "LNG",
        "period": "Q3",
        "revenuefromcontractwithcustomerexcludingassessedtax": 30000000,
        "revenues": 1719000000,
        "costofgoodsandservicessold": 1027000000,
        "operatingcostsandexpenses": 7500000,
        "researchanddevelopmentexpense": 2000000,
        "sellinggeneralandadministrativeexpense": 74000000,
        "depreciationdepletionandamortization": 113000000,
        "gainlossonsalesofassetsandassetimpairmentcharges": -8000000,
        "operatingexpenses": 1394000000,
        "operatingincomeloss": 425000000,
        "interestexpense": 221000000,
        "gainslossesonmodificationorextinguishmentofdebt": -12000000,
        "gainlossonderivativeinstrumentsnetpretax": 23000000,
        "othernonoperatingincomeexpense": 15000000,
        "nonoperatingincomeexpense": -195000000,
        "incomelossfromcontinuingoperationsbeforeincometaxesextraordinaryitemsnoncontrollinginterest": 230000000,
        "incometaxexpensebenefit": 3000000,
        "profitloss": 227000000,
        "netincomelossattributabletononcontrollinginterest": 162000000,
        "netincomeloss": 65000000,
        "earningspersharebasic": 0.26,
        "earningspersharediluted": 0.26,
        "weightedaveragenumberofsharesoutstandingbasic": 247200000,
        "weightedaveragenumberofdilutedsharesoutstanding": 250200000
    },
    {
        "date": "2018-06-29",
        "symbol": "LNG",
        "period": "Q2",
        "oilandgassalesrevenue": 1442000000,
        "salesrevenueservicesnet": 65000000,
        "othersalesrevenuenet": 33000000,
        "relatedpartytransactionotherrevenuesfromtransactionswithrelatedparty": 3000000,
        "revenues": -30000000,
        "costofgoodssold": 873000000,
        "operatingcostsandexpenses": 7000000,
        "researchanddevelopmentexpense": 3000000,
        "sellinggeneralandadministrativeexpense": 73000000,
        "depreciationdepletionandamortization": 111000000,
        "operatingexpenses": 1207000000,
        "operatingincomeloss": 336000000,
        "interestexpense": 216000000,
        "gainslossesonmodificationorextinguishmentofdebt": -15000000,
        "gainlossonderivativeinstrumentsnetpretax": 32000000,
        "othernonoperatingincomeexpense": 10000000,
        "nonoperatingincomeexpense": -189000000,
        "incomelossfromcontinuingoperationsbeforeincometaxesextraordinaryitemsnoncontrollinginterest": 147000000,
        "incometaxexpensebenefit": -3000000,
        "profitloss": 150000000,
        "netincomelossattributabletononcontrollinginterest": 168000000,
        "netincomeloss": -18000000,
        "earningspersharebasic": -0.07,
        "earningspersharediluted": -0.07,
        "weightedaveragenumberofsharesoutstandingbasic": 242800000,
        "weightedaveragenumberofdilutedsharesoutstanding": 242800000
    },
    {
        "date": "2018-03-30",
        "symbol": "LNG",
        "period": "Q1",
        "oilandgassalesrevenue": 2166000000,
        "salesrevenueservicesnet": 65000000,
        "othersalesrevenuenet": 10000000,
        "relatedpartytransactionotherrevenuesfromtransactionswithrelatedparty": 1000000,
        "revenues": 23000000,
        "costofgoodssold": 1178000000,
        "operatingcostsandexpenses": 8000000,
        "researchanddevelopmentexpense": 1000000,
        "sellinggeneralandadministrativeexpense": 67000000,
        "depreciationdepletionandamortization": 109000000,
        "operatingexpenses": 1495000000,
        "operatingincomeloss": 747000000,
        "interestexpense": 216000000,
        "gainlossonderivativeinstrumentsnetpretax": 77000000,
        "othernonoperatingincomeexpense": 7000000,
        "nonoperatingincomeexpense": -132000000,
        "incomelossfromcontinuingoperationsbeforeincometaxesextraordinaryitemsnoncontrollinginterest": 615000000,
        "incometaxexpensebenefit": 15000000,
        "profitloss": 600000000,
        "netincomelossattributabletononcontrollinginterest": 243000000,
        "netincomeloss": 357000000,
        "earningspersharebasic": 1.52,
        "earningspersharediluted": 1.5,
        "weightedaveragenumberofsharesoutstandingbasic": 235500000,
        "weightedaveragenumberofdilutedsharesoutstanding": 238000000
    },
    {
        "date": "2017-09-29",
        "symbol": "LNG",
        "period": "Q3",
        "oilandgassalesrevenue": 1332000000,
        "salesrevenueservicesnet": 65000000,
        "revenues": 1403000000,
        "costofgoodssold": 824000000,
        "operatingcostsandexpenses": 114000000,
        "researchanddevelopmentexpense": 3000000,
        "sellinggeneralandadministrativeexpense": 64000000,
        "depreciationdepletionandamortization": 92000000,
        "operatingexpenses": 1106000000,
        "operatingincomeloss": 297000000,
        "interestexpense": 186000000,
        "gainlossonderivativeinstrumentsnetpretax": -2000000,
        "othernonoperatingincomeexpense": 4000000,
        "nonoperatingincomeexpense": -209000000,
        "incomelossfromcontinuingoperationsbeforeincometaxesextraordinaryitemsnoncontrollinginterest": 88000000,
        "profitloss": 90000000,
        "netincomelossattributabletononcontrollinginterest": 379000000,
        "netincomeloss": -289000000,
        "earningspersharebasicanddiluted": -1.2500000000000002
    },
    {
        "date": "2017-06-29",
        "symbol": "LNG",
        "period": "Q2",
        "oilandgassalesrevenue": 1171000000,
        "salesrevenueservicesnet": 62000000,
        "revenues": 1241000000,
        "costofgoodssold": 692000000,
        "operatingcostsandexpenses": 117000000,
        "researchanddevelopmentexpense": 1000000,
        "sellinggeneralandadministrativeexpense": 61000000,
        "depreciationdepletionandamortization": 90000000,
        "restructuringcharges": 0,
        "operatingexpenses": 967000000,
        "operatingincomeloss": 274000000,
        "interestexpense": 188000000,
        "gainslossesonextinguishmentofdebt": 0,
        "gainlossonderivativeinstrumentsnetpretax": -36000000,
        "othernonoperatingincomeexpense": 5000000,
        "nonoperatingincomeexpense": -252000000,
        "incomelossfromcontinuingoperationsbeforeincometaxesextraordinaryitemsnoncontrollinginterest": 22000000,
        "profitloss": 21000000,
        "netincomelossattributabletononcontrollinginterest": 306000000,
        "netincomeloss": -285000000,
        "earningspersharebasicanddiluted": -1.22
    },
    {
        "date": "2017-03-30",
        "symbol": "LNG",
        "period": "Q1",
        "oilandgassalesrevenue": 1143000000,
        "salesrevenueservicesnet": 68000000,
        "revenues": 1211000000,
        "costofgoodssold": 624000000,
        "operatingcostsandexpenses": 78000000,
        "researchanddevelopmentexpense": 3000000,
        "sellinggeneralandadministrativeexpense": 54000000,
        "depreciationdepletionandamortization": 70000000,
        "restructuringcharges": 6000000,
        "operatingexpenses": 835000000,
        "operatingincomeloss": 376000000,
        "interestexpense": 165000000,
        "gainslossesonextinguishmentofdebt": -42000000,
        "gainlossonderivativeinstrumentsnetpretax": 1000000,
        "othernonoperatingincomeexpense": 2000000,
        "nonoperatingincomeexpense": -204000000,
        "incomelossfromcontinuingoperationsbeforeincometaxesextraordinaryitemsnoncontrollinginterest": 172000000,
        "profitloss": 172000000,
        "netincomelossattributabletononcontrollinginterest": 118000000,
        "netincomeloss": 54000000,
        "earningspersharebasicanddiluted": 0.23,
        "weightedaveragenumberofsharesoutstandingbasic": 232400000,
        "weightedaveragenumberofdilutedsharesoutstanding": 232700000
    },
    {
        "date": "2016-12-30",
        "symbol": "LNG",
        "period": "Q4",
        "oilandgassalesrevenue": 504140000,
        "salesrevenueservicesnet": 67262000,
        "othersalesrevenuenet": 184000,
        "revenues": 258600000,
        "costofgoodssold": 229358000,
        "operatingcostsandexpenses": 72731000,
        "researchanddevelopmentexpense": 2129000,
        "depreciationdepletionandamortization": 43608000,
        "othercostandexpenseoperating": 1655000,
        "operatingexpenses": -857470000,
        "operatingincomeloss": 195520000,
        "interestexpense": 131476000,
        "gainslossesonextinguishmentofdebt": -400000,
        "gainlossonderivativeinstrumentsnetpretax": 232098000,
        "othernonoperatingincomeexpense": 5708000,
        "nonoperatingincomeexpense": 56543000,
        "incomelossfromcontinuingoperationsbeforeincometaxesextraordinaryitemsnoncontrollinginterest": 250922000,
        "incometaxexpensebenefit": -3000,
        "profitloss": 149541000,
        "netincomelossattributabletononcontrollinginterest": 39834000,
        "netincomeloss": 109707000,
        "earningspersharebasicanddiluted": 0.47999999999999976,
        "weightedaveragenumberofshareoutstandingbasicanddiluted": 305000
    },
    {
        "date": "2016-09-29",
        "symbol": "LNG",
        "period": "Q3",
        "salesrevenueservicesnet": 66970000,
        "oilandgassalesrevenue": 398554000,
        "othersalesrevenuenet": 149000,
        "revenues": 161449000,
        "costofgoodssold": 252343000,
        "operatingcostsandexpenses": 61610000,
        "researchanddevelopmentexpense": 1546000,
        "depreciationdepletionandamortization": 49212000,
        "otherassetimpairmentcharges": 0,
        "othercostandexpenseoperating": 27000,
        "operatingexpenses": 450397000,
        "operatingincomeloss": 44346000,
        "interestexpense": 121636000,
        "gainslossesonextinguishmentofdebt": -24300000,
        "gainlossonderivativeinstrumentsnetpretax": 29327000,
        "othernonoperatingincomeexpense": 437000,
        "nonoperatingincomeexpense": -144054000,
        "incomelossfromcontinuingoperationsbeforeincometaxesextraordinaryitemsnoncontrollinginterest": -68345000,
        "incometaxexpensebenefit": 1638000,
        "profitloss": -130416000,
        "netincomelossattributabletononcontrollinginterest": -29974000,
        "netincomeloss": -100442000,
        "earningspersharebasicanddiluted": -0.42999999999999994,
        "weightedaveragenumberofshareoutstandingbasicanddiluted": -227998000
    },
    {
        "date": "2016-06-29",
        "symbol": "LNG",
        "period": "Q2",
        "salesrevenueservicesnet": 65622000,
        "oilandgassalesrevenue": 110735000,
        "othersalesrevenuenet": 470000,
        "revenues": 28700000,
        "costofgoodssold": 85709000,
        "operatingcostsandexpenses": 45562000,
        "researchanddevelopmentexpense": 1616000,
        "sellingandmarketingexpense": 26225000,
        "generalandadministrativeexpense": 61409000,
        "depreciationdepletionandamortization": 32781000,
        "otherassetimpairmentcharges": -71000,
        "othercostandexpenseoperating": 50000,
        "operatingexpenses": 253281000,
        "operatingincomeloss": 10115000,
        "interestexpense": 80127000,
        "gainslossesonextinguishmentofdebt": -26000000,
        "gainlossonderivativeinstrumentsnetpretax": -90621000,
        "othernonoperatingincomeexpense": -6930000,
        "nonoperatingincomeexpense": -258833000,
        "incomelossfromcontinuingoperationsbeforeincometaxesextraordinaryitemsnoncontrollinginterest": -210561000,
        "incometaxexpensebenefit": -343000,
        "profitloss": -334944000,
        "netincomelossattributabletononcontrollinginterest": -36526000,
        "netincomeloss": -298418000,
        "earningspersharebasicanddiluted": -1.31,
        "weightedaveragenumberofshareoutstandingbasicanddiluted": 228323000
    },
    {
        "date": "2016-03-30",
        "symbol": "LNG",
        "period": "Q1",
        "salesrevenueservicesnet": 65551000,
        "oilandgassalesrevenue": 2704000,
        "othersalesrevenuenet": 826000,
        "revenues": 65551000,
        "costofgoodssold": 14507000,
        "operatingcostsandexpenses": 36317000,
        "researchanddevelopmentexpense": 1547000,
        "sellingandmarketingexpense": 24978000,
        "generalandadministrativeexpense": 47924000,
        "depreciationdepletionandamortization": 24089000,
        "otherassetimpairmentcharges": 10166000,
        "othercostandexpenseoperating": 112000,
        "operatingexpenses": 159640000,
        "operatingincomeloss": -12549000,
        "interestexpense": 51366000,
        "gainslossesonextinguishmentofdebt": -1500000,
        "gainlossonderivativeinstrumentsnetpretax": -180934000,
        "othernonoperatingincomeexpense": 929000,
        "nonoperatingincomeexpense": -257799000,
        "incomelossfromcontinuingoperationsbeforeincometaxesextraordinaryitemsnoncontrollinginterest": -240971000,
        "incometaxexpensebenefit": 616000,
        "profitloss": -348974000,
        "netincomelossattributabletononcontrollinginterest": -28136000,
        "netincomeloss": -320838000,
        "earningspersharebasicanddiluted": -1.41,
        "weightedaveragenumberofshareoutstandingbasicanddiluted": 228138000
    },
    {
        "date": "2015-12-30",
        "symbol": "LNG",
        "period": "Q4",
        "profitloss": -312577000,
        "lngterminalrevenues": 66583000,
        "salesrevenuefromenergycommoditiesandservices": 1667000,
        "othersalesrevenuenet": 182000,
        "revenues": 268551000,
        "operatingcostsandexpenses": 30448000,
        "researchanddevelopmentexpense": 4501000,
        "generalandadministrativeexpense": -263561000,
        "othercostandexpenseoperating": -489000,
        "operatingexpenses": -410943000,
        "operatingincomeloss": 64278000,
        "interestexpense": 151080000,
        "gainslossesonextinguishmentofdebt": 0,
        "gainlossonderivativeinstrumentsnetpretax": 38484000,
        "othernonoperatingincomeexpense": 1188000,
        "nonoperatingincomeexpense": -398963000,
        "incomelossfromcontinuingoperationsbeforeincometaxesextraordinaryitemsnoncontrollinginterest": -379418000,
        "incometaxexpensebenefit": -198000,
        "netincomelossattributabletononcontrollinginterest": -21480000,
        "netincomeloss": -291097000,
        "earningspersharebasicanddiluted": -1.2799999999999996,
        "weightedaveragenumberofshareoutstandingbasicanddiluted": 255000
    },
    {
        "date": "2015-09-29",
        "symbol": "LNG",
        "period": "Q3",
        "lngterminalrevenues": 67212000,
        "salesrevenuefromenergycommoditiesandservices": -1557000,
        "othersalesrevenuenet": 404000,
        "revenues": 404000,
        "operatingcostsandexpenses": -6711000,
        "depreciation": 4543000,
        "researchanddevelopmentexpense": 4935000,
        "generalandadministrativeexpense": 97332000,
        "othercostandexpenseoperating": 479000,
        "operatingexpenses": 117673000,
        "operatingincomeloss": -52029000,
        "interestexpense": 25963000,
        "gainslossesonextinguishmentofdebt": -8000,
        "gainlossonderivativeinstrumentsnetpretax": -161942000,
        "othernonoperatingincomeexpense": -39000,
        "nonoperatingincomeexpense": -255547000,
        "incomelossfromcontinuingoperationsbeforeincometaxesextraordinaryitemsnoncontrollinginterest": -82803000,
        "incometaxexpensebenefit": -69000,
        "profitloss": -307092000,
        "netincomelossattributabletononcontrollinginterest": -9284000,
        "netincomeloss": -297808000,
        "earningspersharebasicanddiluted": -1.32,
        "weightedaveragenumberofshareoutstandingbasicanddiluted": -226161000
    },
    {
        "date": "2015-06-29",
        "symbol": "LNG",
        "period": "Q2",
        "lngterminalrevenues": 67905000,
        "salesrevenuefromenergycommoditiesandservices": -706000,
        "othersalesrevenuenet": 826000,
        "revenues": 199000,
        "generalandadministrativeexpense": 107856000,
        "operatingcostsandexpenses": 18877000,
        "depreciation": 3839000,
        "researchanddevelopmentexpense": 16609000,
        "othercostandexpenseoperating": 109000,
        "operatingexpenses": 163605000,
        "operatingincomeloss": -51446000,
        "interestexpense": 26021000,
        "gainslossesonextinguishmentofdebt": -7300000,
        "gainlossonderivativeinstrumentsnetpretax": 45755000,
        "othernonoperatingincomeexpense": 283000,
        "nonoperatingincomeexpense": -46729000,
        "incomelossfromcontinuingoperationsbeforeincometaxesextraordinaryitemsnoncontrollinginterest": -82090000,
        "incometaxexpensebenefit": -507000,
        "profitloss": -141802000,
        "netincomelossattributabletononcontrollinginterest": -23307000,
        "netincomeloss": -118495000,
        "earningspersharebasicanddiluted": -0.52,
        "weightedaveragenumberofshareoutstandingbasicanddiluted": 226481000
    },
    {
        "date": "2015-03-30",
        "symbol": "LNG",
        "period": "Q1",
        "lngterminalrevenues": 67581000,
        "salesrevenuefromenergycommoditiesandservices": 662000,
        "othersalesrevenuenet": 126000,
        "revenues": 127000,
        "generalandadministrativeexpense": 58017000,
        "operatingcostsandexpenses": 37153000,
        "depreciation": 2628000,
        "researchanddevelopmentexpense": 16096000,
        "othercostandexpenseoperating": 332000,
        "operatingexpenses": 129367000,
        "operatingincomeloss": -30726000,
        "interestexpense": 16767000,
        "gainslossesonextinguishmentofdebt": -88992000,
        "gainlossonderivativeinstrumentsnetpretax": -125936000,
        "othernonoperatingincomeexpense": 372000,
        "nonoperatingincomeexpense": -274168000,
        "incomelossfromcontinuingoperationsbeforeincometaxesextraordinaryitemsnoncontrollinginterest": -52121000,
        "incometaxexpensebenefit": 678000,
        "profitloss": -335844000,
        "netincomelossattributabletononcontrollinginterest": -68135000,
        "netincomeloss": -267709000,
        "earningspersharebasicanddiluted": -1.18,
        "weightedaveragenumberofshareoutstandingbasicanddiluted": 226328000
    },
    {
        "date": "2014-12-30",
        "symbol": "LNG",
        "period": "Q4",
        "profitloss": -40077000,
        "comprehensiveincomenetoftaxincludingportionattributabletononcontrollinginterest": -184022000,
        "comprehensiveincomenetoftaxattributabletononcontrollinginterest": -25409000,
        "lngterminalrevenues": 67363000,
        "salesrevenuefromenergycommoditiesandservices": -1768000,
        "othersalesrevenuenet": 357000,
        "generalandadministrativeexpense": 107926000,
        "operatingcostsandexpenses": 16594000,
        "researchanddevelopmentexpense": 15457000,
        "othercostandexpenseoperating": 13142000,
        "operatingexpenses": -364884000,
        "operatingincomeloss": -88243000,
        "interestexpense": -127428000,
        "gainlossonderivativeinstrumentsnetpretax": -28726000,
        "othernonoperatingincomeexpense": -544000,
        "nonoperatingincomeexpense": -79563000,
        "incomelossfromcontinuingoperationsbeforeincometaxesextraordinaryitemsnoncontrollinginterest": 183869000,
        "netincomelossattributabletononcontrollinginterest": -25409000,
        "netincomeloss": -158613000,
        "earningspersharebasicanddiluted": -0.7000000000000002,
        "weightedaveragenumberofshareoutstandingbasicanddiluted": 628000
    },
    {
        "date": "2014-09-29",
        "symbol": "LNG",
        "period": "Q3",
        "profitloss": -104800000,
        "comprehensiveincomenetoftaxincludingportionattributabletononcontrollinginterest": -104800000,
        "comprehensiveincomenetoftaxattributabletononcontrollinginterest": -15219000,
        "lngterminalrevenues": 66983000,
        "salesrevenuefromenergycommoditiesandservices": -499000,
        "othersalesrevenuenet": 323000,
        "generalandadministrativeexpense": 74255000,
        "operatingcostsandexpenses": 26102000,
        "researchanddevelopmentexpense": 11544000,
        "othercostandexpenseoperating": 75000,
        "operatingexpenses": 128165000,
        "operatingincomeloss": -54652000,
        "interestexpense": 46996000,
        "gainlossonderivativeinstrumentsnetpretax": -28673000,
        "othernonoperatingincomeexpense": -160000,
        "nonoperatingincomeexpense": -41471000,
        "incomelossfromcontinuingoperationsbeforeincometaxesextraordinaryitemsnoncontrollinginterest": -333322000,
        "netincomelossattributabletononcontrollinginterest": -15219000,
        "netincomeloss": -89581000,
        "earningspersharebasicanddiluted": -0.39999999999999997,
        "weightedaveragenumberofshareoutstandingbasicanddiluted": -223099000
    },
    {
        "date": "2014-06-29",
        "symbol": "LNG",
        "period": "Q2",
        "profitloss": -280710000,
        "comprehensiveincomenetoftaxincludingportionattributabletononcontrollinginterest": -280710000,
        "comprehensiveincomenetoftaxattributabletononcontrollinginterest": -78782000,
        "comprehensiveincomenetoftax": -201928000,
        "lngterminalrevenues": 66841000,
        "salesrevenuefromenergycommoditiesandservices": 324000,
        "othersalesrevenuenet": 480000,
        "revenues": 324000,
        "generalandadministrativeexpense": 67720000,
        "depreciation": 2379000,
        "operatingcostsandexpenses": 29409000,
        "researchanddevelopmentexpense": 15263000,
        "othercostandexpenseoperating": 90000,
        "operatingexpenses": 129780000,
        "operatingincomeloss": -14907000,
        "interestexpense": 43895000,
        "gainslossesonextinguishmentofdebt": -114335000,
        "gainlossonderivativeinstrumentsnetpretax": -60178000,
        "othernonoperatingincomeexpense": -189000,
        "nonoperatingincomeexpense": -218491000,
        "incomelossfromcontinuingoperationsbeforeincometaxesextraordinaryitemsnoncontrollinginterest": -31314000,
        "incometaxexpensebenefit": 84000,
        "netincomelossattributabletononcontrollinginterest": -78782000,
        "netincomeloss": -201928000,
        "earningspersharebasicanddiluted": -0.9,
        "weightedaveragenumberofshareoutstandingbasicanddiluted": 223602000
    },
    {
        "date": "2014-03-30",
        "symbol": "LNG",
        "period": "Q1",
        "profitloss": -122345000,
        "comprehensiveincomenetoftaxincludingportionattributabletononcontrollinginterest": -122345000,
        "comprehensiveincomenetoftaxattributabletononcontrollinginterest": -24535000,
        "othercomprehensiveincomelossnetoftaxportionattributabletoparent": -97810000,
        "lngterminalrevenues": 66419000,
        "salesrevenuefromenergycommoditiesandservices": 657000,
        "othersalesrevenuenet": 474000,
        "salesrevenuenet": -2473000,
        "generalandadministrativeexpense": 73808000,
        "depreciationdepletionandamortization": 152000,
        "operatingcostsandexpenses": 13687000,
        "researchanddevelopmentexpense": 12112000,
        "othercostandexpenseoperating": 80000,
        "operatingexpenses": 115162000,
        "operatingincomeloss": -11594000,
        "interestexpense": 40373000,
        "gainlossonderivativeinstrumentsnetpretax": -435000,
        "othernonoperatingincomeexpense": 310000,
        "nonoperatingincomeexpense": -74641000,
        "incomelossfromcontinuingoperationsbeforeincometaxesextraordinaryitemsnoncontrollinginterest": -11727000,
        "currentincometaxexpensebenefit": 92000,
        "netincomelossattributabletononcontrollinginterest": -24535000,
        "netincomeloss": -97810000,
        "earningspersharebasicanddiluted": -0.44,
        "weightedaveragenumberofshareoutstandingbasicanddiluted": 223207000
    },
    {
        "date": "2013-12-30",
        "symbol": "LNG",
        "period": "Q4",
        "profitloss": -147747000,
        "othercomprehensiveincomelossforeigncurrencytransactionandtranslationadjustmentnetoftax": 0,
        "othercomprehensiveincomelossnetoftax": 0,
        "comprehensiveincomenetoftaxincludingportionattributabletononcontrollinginterest": -147748000,
        "comprehensiveincomenetoftaxattributabletononcontrollinginterest": -12518000,
        "othercomprehensiveincomelossnetoftaxportionattributabletoparent": -135230000,
        "lngterminalrevenues": 66184000,
        "salesrevenuefromenergycommoditiesandservices": -199000,
        "salesrevenuenet": 17664000,
        "generalandadministrativeexpense": 106541000,
        "depreciationdepletionandamortization": 190000,
        "researchanddevelopmentexpense": 10720000,
        "othercostandexpenseoperating": 117000,
        "operatingexpenses": -450346000,
        "operatingincomeloss": 55689000,
        "interestexpense": 160165000,
        "gainlossonderivativeinstrumentsnetpretax": -446000,
        "othernonoperatingincomeexpense": 137000,
        "nonoperatingincomeexpense": -66781000,
        "incomelossfromcontinuingoperationsbeforeincometaxesextraordinaryitemsnoncontrollinginterest": 447762000,
        "incometaxexpensebenefit": 1589000,
        "netincomelossattributabletononcontrollinginterest": 89164000,
        "netincomeloss": -135230000,
        "earningspersharebasicanddiluted": -0.6099999999999999,
        "weightedaveragenumberofshareoutstandingbasicanddiluted": 929000
    },
    {
        "date": "2013-09-29",
        "symbol": "LNG",
        "period": "Q3",
        "profitloss": -122483000,
        "othercomprehensiveincomelossforeigncurrencytransactionandtranslationadjustmentnetoftax": 135000,
        "othercomprehensiveincomelossnetoftax": 135000,
        "comprehensiveincomenetoftaxincludingportionattributabletononcontrollinginterest": -122348000,
        "comprehensiveincomenetoftaxattributabletononcontrollinginterest": -21659000,
        "othercomprehensiveincomelossnetoftaxportionattributabletoparent": -100689000,
        "lngterminalrevenues": 66736000,
        "salesrevenuefromenergycommoditiesandservices": 590000,
        "salesrevenuenet": -105456000,
        "researchanddevelopmentexpense": 11046000,
        "depreciationdepletionandamortization": -211000,
        "generalandadministrativeexpense": 57096000,
        "othercostandexpenseoperating": 99000,
        "operatingexpenses": 113586000,
        "operatingincomeloss": -49601000,
        "interestexpense": 123104000,
        "gainlossonderivativeinstrumentsnetpretax": -14000,
        "othernonoperatingincomeexpense": 65000,
        "nonoperatingincomeexpense": -74798000,
        "incomelossfromcontinuingoperationsbeforeincometaxesextraordinaryitemsnoncontrollinginterest": -209023000,
        "incometaxexpensebenefit": 1809000,
        "netincomelossattributabletononcontrollinginterest": -21659000,
        "netincomeloss": -100824000,
        "earningspersharebasicanddiluted": -0.44999999999999996,
        "weightedaveragenumberofshareoutstandingbasicanddiluted": 1420000
    },
    {
        "date": "2013-06-29",
        "symbol": "LNG",
        "period": "Q2",
        "profitloss": -163903000,
        "othercomprehensiveincomelossreclassificationadjustmentonderivativesincludedinnetincomenetoftax": 0,
        "othercomprehensiveincomeunrealizedgainlossonderivativesarisingduringperiodnetoftax": 0,
        "othercomprehensiveincomelossforeigncurrencytransactionandtranslationadjustmentnetoftax": 16000,
        "othercomprehensiveincomelossnetoftax": 5989000,
        "comprehensiveincomenetoftaxincludingportionattributabletononcontrollinginterest": -157914000,
        "comprehensiveincomenetoftaxattributabletononcontrollinginterest": -7788000,
        "othercomprehensiveincomelossnetoftaxportionattributabletoparent": -150126000,
        "lngterminalrevenues": 66425000,
        "salesrevenuefromenergycommoditiesandservices": 416000,
        "salesrevenuenet": 134240000,
        "lngterminalandpipelineoperatingexpense": 31068000,
        "researchanddevelopmentexpense": 22080000,
        "depreciationdepletionandamortization": -13418000,
        "generalandadministrativeexpense": 135077000,
        "othercostandexpenseoperating": 57000,
        "operatingexpenses": 203455000,
        "operatingincomeloss": -13091000,
        "interestexpense": -112920000,
        "gainlossonderivativeinstrumentsnetpretax": -504000,
        "othernonoperatingincomeexpense": 414000,
        "nonoperatingincomeexpense": -26603000,
        "incomelossfromcontinuingoperationsbeforeincometaxesextraordinaryitemsnoncontrollinginterest": -212708000,
        "incometaxexpensebenefit": 1022000,
        "netincomelossattributabletononcontrollinginterest": 30216000,
        "netincomeloss": -154763000,
        "earningspersharebasicanddiluted": -0.72,
        "weightedaveragenumberofshareoutstandingbasicanddiluted": 886000
    },
    {
        "date": "2013-03-30",
        "symbol": "LNG",
        "period": "Q1",
        "profitloss": -124629000,
        "othercomprehensiveincomelossreclassificationadjustmentonderivativesincludedinnetincomenetoftax": -30000,
        "othercomprehensiveincomeunrealizedgainlossonderivativesarisingduringperiodnetoftax": 21297000,
        "othercomprehensiveincomelossforeigncurrencytransactionandtranslationadjustmentnetoftax": -40000,
        "othercomprehensiveincomelossnetoftax": 21227000,
        "comprehensiveincomenetoftaxincludingportionattributabletononcontrollinginterest": -103402000,
        "comprehensiveincomenetoftaxattributabletononcontrollinginterest": -6844000,
        "othercomprehensiveincomelossnetoftaxportionattributabletoparent": -96558000,
        "lngterminalrevenues": 66061000,
        "salesrevenuefromenergycommoditiesandservices": -565000,
        "oilandgassalesrevenue": 410000,
        "salesrevenuenet": -1157000,
        "generalandadministrativeexpense": 85798000,
        "depreciationdepletionandamortization": 14380000,
        "lngterminalandpipelineoperatingexpense": 15259000,
        "researchanddevelopmentexpense": 17088000,
        "othercostandexpenseoperating": 102000,
        "operatingexpenses": 133360000,
        "operatingincomeloss": -40963000,
        "interestexpense": 11654000,
        "gainlossonderivativeinstrumentsnetpretax": 515000,
        "othernonoperatingincomeexpense": 475000,
        "nonoperatingincomeexpense": -57255000,
        "incomelossfromcontinuingoperationsbeforeincometaxesextraordinaryitemsnoncontrollinginterest": -74882000,
        "incometaxexpensebenefit": -80000,
        "netincomelossattributabletononcontrollinginterest": -46880000,
        "netincomeloss": -117105000,
        "earningspersharebasicanddiluted": -0.54,
        "weightedaveragenumberofshareoutstandingbasicanddiluted": 215634000
    },
    {
        "date": "2012-12-30",
        "symbol": "LNG",
        "period": "Q4",
        "profitloss": -98908000,
        "netincomelossattributabletononcontrollinginterest": -71419000,
        "lngterminalrevenues": 66625000,
        "salesrevenuefromenergycommoditiesandservices": 469000,
        "oilandgassalesrevenue": 327000,
        "othersalesrevenuenet": 0,
        "salesrevenuenet": 273060000,
        "generalandadministrativeexpense": 31845000,
        "depreciationdepletionandamortization": -30061000,
        "lngterminalandpipelineoperatingexpense": 20470000,
        "researchanddevelopmentexpense": 11483000,
        "othercostandexpenseoperating": 132000,
        "operatingexpenses": -258680000,
        "operatingincomeloss": 20600000,
        "interestexpense": 12895000,
        "gainlossonderivativeinstrumentsnetpretax": 396000,
        "othernonoperatingincomeexpense": 133000,
        "incomelossfromcontinuingoperationsbeforeincometaxesextraordinaryitemsnoncontrollinginterest": -99115000,
        "incometaxexpensebenefit": -207000,
        "netincomeloss": -94324000,
        "earningspersharebasicanddiluted": -0.4300000000000001
    },
    {
        "date": "2012-09-29",
        "symbol": "LNG",
        "period": "Q3",
        "profitloss": -111877000,
        "netincomeloss": -109001000,
        "othercomprehensiveincomeforeigncurrencytransactionandtranslationadjustmentnetoftaxperiodincreasedecrease": 153000,
        "comprehensiveincomenetoftax": -138524000,
        "netincomelossattributabletononcontrollinginterest": 2875000,
        "lngterminalrevenues": 65938000,
        "salesrevenuefromenergycommoditiesandservices": -292000,
        "oilandgassalesrevenue": 351000,
        "othersalesrevenuenet": 1000,
        "salesrevenuenet": 2873000,
        "generalandadministrativeexpense": 79427000,
        "depreciationdepletionandamortization": 30570000,
        "lngterminalandpipelineoperatingexpense": 14056000,
        "researchanddevelopmentexpense": 11722000,
        "othercostandexpenseoperating": 78000,
        "operatingexpenses": 120516000,
        "operatingincomeloss": -56012000,
        "interestexpense": -86928000,
        "gainlossonderivativeinstrumentsnetpretax": 1174000,
        "othernonoperatingincomeexpense": -12083000,
        "totalotherincomeexpense": -57298000,
        "incomelossfromcontinuingoperationsbeforeincometaxesextraordinaryitemsnoncontrollinginterest": -111816000,
        "incometaxexpensebenefit": 61000,
        "earningspersharebasicanddiluted": -0.54,
        "weightedaveragenumberofcommonsharesoutstandingbasicanddiluted": 19360000
    },
    {
        "date": "2012-06-29",
        "symbol": "LNG",
        "period": "Q2",
        "netincomeloss": -73040000,
        "othercomprehensiveincomeforeigncurrencytransactionandtranslationadjustmentnetoftaxperiodincreasedecrease": -33000,
        "comprehensiveincomenetoftax": -73073000,
        "lngterminalrevenues": 66071000,
        "salesrevenuefromenergycommoditiesandservices": -4007000,
        "oilandgassalesrevenue": 264000,
        "othersalesrevenuenet": -1000,
        "salesrevenuenet": -69156000,
        "generalandadministrativeexpense": 20816000,
        "depreciationdepletionandamortization": -2122000,
        "lngterminalandpipelineoperatingexpense": 10993000,
        "researchanddevelopmentexpense": 21088000,
        "othercostandexpenseoperating": 72000,
        "operatingexpenses": 68447000,
        "operatingincomeloss": 42440000,
        "interestexpense": 75432000,
        "gainlossonderivativeinstrumentsnetpretax": 225000,
        "othernonoperatingincomeexpense": 458000,
        "totalotherincomeexpense": -69739000,
        "incomelossfromcontinuingoperationsbeforeincometaxesextraordinaryitemsnoncontrollinginterest": -75859000,
        "incometaxexpensebenefit": 144000,
        "profitloss": -76003000,
        "netincomelossattributabletononcontrollinginterest": 58121000,
        "earningspersharebasicanddiluted": -0.43,
        "weightedaveragenumberofcommonsharesoutstandingbasicanddiluted": 19947000
    },
    {
        "date": "2012-03-30",
        "symbol": "LNG",
        "period": "Q1",
        "netincomeloss": -56415000,
        "othercomprehensiveincomeforeigncurrencytransactionandtranslationadjustmentnetoftaxperiodincreasedecrease": 17000,
        "comprehensiveincomenetoftax": -56398000,
        "lngterminalrevenues": 67260000,
        "salesrevenuefromenergycommoditiesandservices": 2658000,
        "oilandgassalesrevenue": 550000,
        "othersalesrevenuenet": 6000,
        "salesrevenuenet": 67260000,
        "generalandadministrativeexpense": 19993000,
        "depreciationdepletionandamortization": 3680000,
        "lngterminalandpipelineoperatingexpense": 11557000,
        "researchanddevelopmentexpense": 21819000,
        "othercostandexpenseoperating": 94000,
        "operatingexpenses": 69753000,
        "operatingincomeloss": -7064000,
        "interestexpense": 11484000,
        "gainslossesonextinguishmentofdebt": -507000,
        "gainlossonderivativeinstrumentsnetpretax": -800000,
        "othernonoperatingincomeexpense": 125000,
        "totalotherincomeexpense": -59568000,
        "incomelossfromcontinuingoperationsbeforeincometaxesextraordinaryitemsnoncontrollinginterest": -58847000,
        "incometaxexpensebenefit": 6000,
        "profitloss": -58853000,
        "netincomelossattributabletononcontrollinginterest": -27579000,
        "earningspersharebasicanddiluted": -0.43,
        "weightedaveragenumberofcommonsharesoutstandingbasicanddiluted": 131107000
    },
    {
        "date": "2011-09-29",
        "symbol": "LNG",
        "period": "Q3",
        "lngterminalrevenues": 68375000,
        "salesrevenuefromenergycommoditiesandservices": -2999000,
        "oilandgassalesrevenue": 426000,
        "othersalesrevenuenet": 11000,
        "revenues": 65813000,
        "generalandadministrativeexpense": 16227000,
        "depreciationdepletionandamortization": 15271000,
        "lngterminalandpipelineoperatingexpense": 10976000,
        "researchanddevelopmentexpense": 11143000,
        "othercostandexpenseoperating": 1841000,
        "operatingcostsandexpenses": 55458000,
        "operatingincomeloss": 10355000,
        "interestexpense": 65125000,
        "gainlossonderivativeinstrumentsnetpretax": -716000,
        "othernonoperatingincomeexpense": 17000,
        "nonoperatingincomeexpense": -65824000,
        "incomelossfromcontinuingoperationsbeforeincometaxesextraordinaryitemsnoncontrollinginterest": -55469000,
        "profitloss": -55469000,
        "netincomelossattributabletononcontrollinginterest": -1533000,
        "netincomeloss": -53936000,
        "earningspersharebasic": -0.67,
        "earningspersharediluted": -0.67,
        "weightedaveragenumberofsharesoutstandingbasic": 80473000,
        "weightedaveragenumberofdilutedsharesoutstanding": 80473000
    },
    {
        "date": "2011-06-29",
        "symbol": "LNG",
        "period": "Q2",
        "lngterminalrevenues": 67302000,
        "salesrevenuefromenergycommoditiesandservices": 4606000,
        "oilandgassalesrevenue": 884000,
        "othersalesrevenuenet": 18000,
        "revenues": 72810000,
        "generalandadministrativeexpense": 19378000,
        "depreciationdepletionandamortization": 15625000,
        "lngterminalandpipelineoperatingexpense": 7853000,
        "researchanddevelopmentexpense": 13356000,
        "explorationandproductioncosts": 137000,
        "operatingcostsandexpenses": 56349000,
        "operatingincomeloss": 16461000,
        "interestexpense": 64587000,
        "gainlossonderivativeinstrumentsnetpretax": -448000,
        "othernonoperatingincomeexpense": 118000,
        "nonoperatingincomeexpense": -64917000,
        "incomelossfromcontinuingoperationsbeforeincometaxesextraordinaryitemsnoncontrollinginterest": -48456000,
        "profitloss": -48456000,
        "netincomelossattributabletononcontrollinginterest": -1285000,
        "netincomeloss": -47171000,
        "earningspersharebasic": -0.67,
        "earningspersharediluted": -0.67,
        "weightedaveragenumberofsharesoutstandingbasic": 70630000,
        "weightedaveragenumberofdilutedsharesoutstanding": 70630000
    }
]