[
    {
        "date": "2024-09-29",
        "symbol": "APO",
        "period": "Q3",
        "revenuefromcontractwithcustomerexcludingassessedtax": 320000000,
        "netinvestmentincome": 82000000,
        "premiumsearnednet": 389000000,
        "insurancecommissionsandfees": 267000000,
        "gainlossoninvestments": 628000000,
        "netinvestmentincomeandgainlossoninvestments": 552000000,
        "otherincome": 3000000,
        "revenues": 552000000,
        "laborandrelatedexpense": 605000000,
        "interestexpenseoperating": 55000000,
        "generalandadministrativeexpense": 326000000,
        "interestsensitivecontractbenefitsexpense": 2599000000,
        "liabilityforfuturepolicybenefitsperiodexpense": 793000000,
        "marketriskbenefitchangeinfairvaluegainloss": -524000000,
        "deferredpolicyacquisitioncostsdeferredsalesinducementcostsandpresentvalueoffutureinsuranceprofitsnetamortizationexpense": 244000000,
        "policyandotheroperatingexpenses": 670000000,
        "operatingexpenses": 5816000000,
        "othernonoperatingincomeexpense": 70000000,
        "nonoperatingincomeexpense": 129000000,
        "incomelossfromcontinuingoperationsbeforeincometaxesextraordinaryitemsnoncontrollinginterest": 2086000000,
        "incometaxexpensebenefit": 317000000,
        "profitloss": 1769000000,
        "netincomelossattributabletononcontrollinginterest": -975000000,
        "netincomeloss": 811000000,
        "preferredstockdividendsincomestatementimpact": 24000000,
        "netincomelossavailabletocommonstockholdersbasic": 787000000,
        "netincomelossavailabletocommonstockholdersdiluted": 787000000,
        "earningspersharebasic": 1.3,
        "earningspersharediluted": 1.29,
        "weightedaveragenumberofsharesoutstandingbasic": 585382685,
        "weightedaveragenumberofdilutedsharesoutstanding": 588541814,
        "othercomprehensiveincomelossavailableforsalesecuritiesadjustmentbeforetax": 5477000000,
        "othercomprehensiveincomelosscashflowhedgegainlossafterreclassificationbeforetax": 221000000,
        "ociliabilityforfuturepolicybenefitgainlossafterreclassificationadjustmentbeforetax": -2263000000,
        "ocimarketriskbenefitinstrumentspecificcreditriskgainlossafteradjustmentsbeforetax": -93000000,
        "othercomprehensiveincomelossforeigncurrencytransactionandtranslationadjustmentbeforetax": 61000000,
        "othercomprehensiveincomelossbeforetax": 3403000000,
        "othercomprehensiveincomelosstax": -682000000,
        "othercomprehensiveincomelossnetoftax": 2721000000,
        "comprehensiveincomenetoftaxincludingportionattributabletononcontrollinginterest": 4490000000,
        "comprehensiveincomenetoftaxattributabletononcontrollinginterest": 1332000000,
        "comprehensiveincomenetoftax": 3158000000
    },
    {
        "date": "2024-03-30",
        "symbol": "APO",
        "period": "Q1",
        "revenuefromcontractwithcustomerexcludingassessedtax": 438000000,
        "netinvestmentincome": 402000000,
        "premiumsearnednet": 101000000,
        "insurancecommissionsandfees": 238000000,
        "gainlossoninvestments": 1677000000,
        "netinvestmentincomeandgainlossoninvestments": 411000000,
        "otherincome": 2000000,
        "revenues": 1035000000,
        "laborandrelatedexpense": 667000000,
        "interestexpense": 51000000,
        "generalandadministrativeexpense": 240000000,
        "interestsensitivecontractbenefitsexpense": 2884000000,
        "liabilityforfuturepolicybenefitsperiodexpense": 543000000,
        "marketriskbenefitchangeinfairvaluegainloss": 154000000,
        "deferredpolicyacquisitioncostsdeferredsalesinducementcostsandpresentvalueoffutureinsuranceprofitsnetamortizationexpense": 207000000,
        "policyandotheroperatingexpenses": 453000000,
        "operatingexpenses": 958000000,
        "othernonoperatingincomeexpense": -26000000,
        "nonoperatingincomeexpense": 38000000,
        "incomelossfromcontinuingoperationsbeforeincometaxesextraordinaryitemsnoncontrollinginterest": 2187000000,
        "incometaxexpensebenefit": 422000000,
        "profitloss": 1765000000,
        "netincomelossattributabletononcontrollinginterest": 338000000,
        "netincomeloss": 1427000000,
        "preferredstockdividendsincomestatementimpact": 24000000,
        "netincomelossavailabletocommonstockholdersbasic": 1403000000,
        "netincomelossavailabletocommonstockholdersdiluted": 1403000000,
        "earningspersharebasic": 2.31,
        "earningspersharediluted": 2.28,
        "weightedaveragenumberofsharesoutstandingbasic": 588100000,
        "weightedaveragenumberofdilutedsharesoutstanding": 605400000,
        "othercomprehensiveincomelossavailableforsalesecuritiesadjustmentbeforetax": -738000000,
        "othercomprehensiveincomelosscashflowhedgegainlossafterreclassificationbeforetax": -76000000,
        "ociliabilityforfuturepolicybenefitgainlossafterreclassificationadjustmentbeforetax": 803000000,
        "ocimarketriskbenefitinstrumentspecificcreditriskgainlossafteradjustmentsbeforetax": -28000000,
        "othercomprehensiveincomelossforeigncurrencytransactionandtranslationadjustmentbeforetax": -32000000,
        "othercomprehensiveincomelossbeforetax": -71000000,
        "othercomprehensiveincomelosstax": -4000000,
        "othercomprehensiveincomelossnetoftax": -67000000,
        "comprehensiveincomenetoftaxincludingportionattributabletononcontrollinginterest": 1698000000,
        "comprehensiveincomenetoftaxattributabletononcontrollinginterest": 336000000,
        "comprehensiveincomenetoftax": 1362000000
    },
    {
        "date": "2023-12-30",
        "symbol": "APO",
        "period": "Q4",
        "revenuefromcontractwithcustomerexcludingassessedtax": 444000000,
        "netinvestmentincome": 150000000,
        "premiumsearnednet": 3586000000,
        "insurancecommissionsandfees": 226000000,
        "gainlossoninvestments": 2621000000,
        "otherincome": 8000000,
        "revenues": 756000000,
        "laborandrelatedexpense": 979000000,
        "interestexpense": 47000000,
        "generalandadministrativeexpense": 229000000,
        "interestsensitivecontractbenefitsexpense": 2595000000,
        "liabilityforfuturepolicybenefitsperiodexpense": 4088000000,
        "marketriskbenefitchangeinfairvaluegainloss": -1120000000,
        "deferredpolicyacquisitioncostsdeferredsalesinducementcostsandpresentvalueoffutureinsuranceprofitsnetamortizationexpense": 186000000,
        "policyandotheroperatingexpenses": 481000000,
        "operatingexpenses": 1255000000,
        "othernonoperatingincomeexpense": 34000000,
        "nonoperatingincomeexpense": 90000000,
        "incomelossfromcontinuingoperationsbeforeincometaxesextraordinaryitemsnoncontrollinginterest": 1961000000,
        "incometaxexpensebenefit": -1620000000,
        "profitloss": 3581000000,
        "netincomelossattributabletononcontrollinginterest": 825000000,
        "netincomelossavailabletocommonstockholdersbasic": 2732000000,
        "netincomelossavailabletocommonstockholdersdiluted": 2732000000,
        "earningspersharebasic": 4.550000000000001,
        "earningspersharediluted": 4.52,
        "weightedaveragenumberofsharesoutstandingbasic": 581400000,
        "weightedaveragenumberofdilutedsharesoutstanding": 588800000,
        "othercomprehensiveincomelossavailableforsalesecuritiesadjustmentbeforetax": 7051000000,
        "othercomprehensiveincomelosscashflowhedgegainlossafterreclassificationbeforetax": 81000000,
        "ociliabilityforfuturepolicybenefitgainlossafterreclassificationadjustmentbeforetax": -3564000000,
        "ocimarketriskbenefitinstrumentspecificcreditriskgainlossafteradjustmentsbeforetax": -154000000,
        "othercomprehensiveincomelossforeigncurrencytransactionandtranslationadjustmentbeforetax": 66000000,
        "othercomprehensiveincomelossbeforetax": 3480000000,
        "othercomprehensiveincomelosstax": 688000000,
        "othercomprehensiveincomelossnetoftax": 2792000000,
        "comprehensiveincomenetoftaxincludingportionattributabletononcontrollinginterest": 6373000000,
        "comprehensiveincomenetoftaxattributabletononcontrollinginterest": 1097000000,
        "comprehensiveincomenetoftax": 5276000000
    },
    {
        "date": "2023-09-29",
        "symbol": "APO",
        "period": "Q3",
        "revenuefromcontractwithcustomerexcludingassessedtax": 462000000,
        "netinvestmentincome": 292000000,
        "premiumsearnednet": 26000000,
        "insurancecommissionsandfees": 217000000,
        "gainlossoninvestments": -2624000000,
        "otherincome": 563000000,
        "revenues": 929000000,
        "laborandrelatedexpense": 557000000,
        "interestexpense": 36000000,
        "generalandadministrativeexpense": 220000000,
        "interestsensitivecontractbenefitsexpense": 333000000,
        "liabilityforfuturepolicybenefitsperiodexpense": 368000000,
        "marketriskbenefitchangeinfairvaluegainloss": 441000000,
        "deferredpolicyacquisitioncostsdeferredsalesinducementcostsandpresentvalueoffutureinsuranceprofitsnetamortizationexpense": 211000000,
        "policyandotheroperatingexpenses": 467000000,
        "operatingexpenses": 813000000,
        "othernonoperatingincomeexpense": 22000000,
        "nonoperatingincomeexpense": 39000000,
        "incomelossfromcontinuingoperationsbeforeincometaxesextraordinaryitemsnoncontrollinginterest": 883000000,
        "incometaxexpensebenefit": 243000000,
        "profitloss": 640000000,
        "netincomelossattributabletononcontrollinginterest": -42000000,
        "netincomeloss": 682000000,
        "preferredstockdividendsincomestatementimpact": 22000000,
        "netincomelossavailabletocommonstockholdersbasic": 660000000,
        "netincomelossavailabletocommonstockholdersdiluted": 660000000,
        "earningspersharebasic": 1.1,
        "earningspersharediluted": 1.1,
        "weightedaveragenumberofsharesoutstandingbasic": 578800000,
        "weightedaveragenumberofdilutedsharesoutstanding": 578800000,
        "othercomprehensiveincomelossavailableforsalesecuritiesadjustmentbeforetax": -3155000000,
        "othercomprehensiveincomelosscashflowhedgegainlossafterreclassificationbeforetax": -213000000,
        "ociliabilityforfuturepolicybenefitgainlossafterreclassificationadjustmentbeforetax": 1317000000,
        "ocimarketriskbenefitinstrumentspecificcreditriskgainlossafteradjustmentsbeforetax": -254000000,
        "othercomprehensiveincomelossforeigncurrencytransactionandtranslationadjustmentbeforetax": -34000000,
        "othercomprehensiveincomelossbeforetax": -2339000000,
        "othercomprehensiveincomelosstax": -476000000,
        "othercomprehensiveincomelossnetoftax": -1863000000,
        "comprehensiveincomenetoftaxincludingportionattributabletononcontrollinginterest": -1223000000,
        "comprehensiveincomenetoftaxattributabletononcontrollinginterest": -199000000,
        "comprehensiveincomenetoftax": -1024000000
    },
    {
        "date": "2023-06-29",
        "symbol": "APO",
        "period": "Q2",
        "revenuefromcontractwithcustomerexcludingassessedtax": 452000000,
        "netinvestmentincome": 138000000,
        "premiumsearnednet": 9041000000,
        "insurancecommissionsandfees": 207000000,
        "gainlossoninvestments": 366000000,
        "otherincome": 7000000,
        "revenues": 786000000,
        "laborandrelatedexpense": 516000000,
        "interestexpense": 31000000,
        "generalandadministrativeexpense": 226000000,
        "interestsensitivecontractbenefitsexpense": 2012000000,
        "liabilityforfuturepolicybenefitsperiodexpense": 9512000000,
        "marketriskbenefitchangeinfairvaluegainloss": -71000000,
        "deferredpolicyacquisitioncostsdeferredsalesinducementcostsandpresentvalueoffutureinsuranceprofitsnetamortizationexpense": 153000000,
        "policyandotheroperatingexpenses": 452000000,
        "operatingexpenses": 773000000,
        "othernonoperatingincomeexpense": 48000000,
        "nonoperatingincomeexpense": 80000000,
        "incomelossfromcontinuingoperationsbeforeincometaxesextraordinaryitemsnoncontrollinginterest": 951000000,
        "incometaxexpensebenefit": 201000000,
        "profitloss": 750000000,
        "netincomelossattributabletononcontrollinginterest": 151000000,
        "netincomelossavailabletocommonstockholdersbasic": 599000000,
        "netincomelossavailabletocommonstockholdersdiluted": 599000000,
        "earningspersharebasic": 1,
        "earningspersharediluted": 1,
        "weightedaveragenumberofsharesoutstandingbasic": 579000000,
        "weightedaveragenumberofdilutedsharesoutstanding": 579000000,
        "othercomprehensiveincomelossavailableforsalesecuritiesadjustmentbeforetax": -711000000,
        "othercomprehensiveincomelosscashflowhedgegainlossafterreclassificationbeforetax": -171000000,
        "ociliabilityforfuturepolicybenefitgainlossafterreclassificationadjustmentbeforetax": 813000000,
        "ocimarketriskbenefitinstrumentspecificcreditriskgainlossafteradjustmentsbeforetax": -55000000,
        "othercomprehensiveincomelossforeigncurrencytransactionandtranslationadjustmentbeforetax": 11000000,
        "othercomprehensiveincomelossbeforetax": -113000000,
        "othercomprehensiveincomelosstax": 11000000,
        "othercomprehensiveincomelossnetoftax": -124000000,
        "comprehensiveincomenetoftaxincludingportionattributabletononcontrollinginterest": 626000000,
        "comprehensiveincomenetoftaxattributabletononcontrollinginterest": 257000000,
        "comprehensiveincomenetoftax": 369000000
    },
    {
        "date": "2023-03-30",
        "symbol": "APO",
        "period": "Q1",
        "revenuefromcontractwithcustomerexcludingassessedtax": 414000000,
        "netinvestmentincome": 452000000,
        "premiumsearnednet": 96000000,
        "insurancecommissionsandfees": 198000000,
        "gainlossoninvestments": 1065000000,
        "otherincome": 13000000,
        "revenues": 1036000000,
        "laborandrelatedexpense": 670000000,
        "interestexpense": 31000000,
        "generalandadministrativeexpense": 197000000,
        "interestsensitivecontractbenefitsexpense": 1289000000,
        "liabilityforfuturepolicybenefitsperiodexpense": 466000000,
        "marketriskbenefitchangeinfairvaluegainloss": 346000000,
        "deferredpolicyacquisitioncostsdeferredsalesinducementcostsandpresentvalueoffutureinsuranceprofitsnetamortizationexpense": 138000000,
        "policyandotheroperatingexpenses": 437000000,
        "operatingexpenses": 898000000,
        "othernonoperatingincomeexpense": 32000000,
        "nonoperatingincomeexpense": 64000000,
        "incomelossfromcontinuingoperationsbeforeincometaxesextraordinaryitemsnoncontrollinginterest": 1791000000,
        "incometaxexpensebenefit": 253000000,
        "profitloss": 1538000000,
        "netincomelossattributabletononcontrollinginterest": 528000000,
        "netincomelossavailabletocommonstockholdersbasic": 1010000000,
        "netincomelossavailabletocommonstockholdersdiluted": 1010000000,
        "earningspersharebasic": 1.67,
        "earningspersharediluted": 1.66,
        "weightedaveragenumberofsharesoutstandingbasic": 584100000,
        "weightedaveragenumberofdilutedsharesoutstanding": 584200000,
        "othercomprehensiveincomelossavailableforsalesecuritiesadjustmentbeforetax": 2099000000,
        "othercomprehensiveincomelosscashflowhedgegainlossafterreclassificationbeforetax": 104000000,
        "ociliabilityforfuturepolicybenefitgainlossafterreclassificationadjustmentbeforetax": -802000000,
        "ocimarketriskbenefitinstrumentspecificcreditriskgainlossafteradjustmentsbeforetax": 89000000,
        "othercomprehensiveincomelossforeigncurrencytransactionandtranslationadjustmentbeforetax": 22000000,
        "othercomprehensiveincomelossbeforetax": 1512000000,
        "othercomprehensiveincomelosstax": 290000000,
        "othercomprehensiveincomelossnetoftax": 1222000000,
        "comprehensiveincomenetoftaxincludingportionattributabletononcontrollinginterest": 2760000000,
        "comprehensiveincomenetoftaxattributabletononcontrollinginterest": 577000000,
        "comprehensiveincomenetoftax": 2183000000
    },
    {
        "date": "2022-12-30",
        "symbol": "APO",
        "period": "Q4",
        "revenuefromcontractwithcustomerexcludingassessedtax": 403000000,
        "netinvestmentincome": 321000000,
        "premiumsearnednet": 869000000,
        "insurancecommissionsandfees": 193000000,
        "gainlossoninvestments": 106000000,
        "otherincome": 10000000,
        "revenues": 891000000,
        "laborandrelatedexpense": 514000000,
        "interestexpense": 30000000,
        "generalandadministrativeexpense": 210000000,
        "interestsensitivecontractbenefitsexpense": 1114000000,
        "liabilityforfuturepolicybenefitsperiodexpense": 1322000000,
        "deferredpolicyacquisitioncostsdeferredsalesinducementcostsandpresentvalueoffutureinsuranceprofitsnetamortizationexpense": 134000000,
        "policyandotheroperatingexpenses": 389000000,
        "operatingexpenses": 754000000,
        "othernonoperatingincomeexpense": 12000000,
        "nonoperatingincomeexpense": 42000000,
        "incomelossfromcontinuingoperationsbeforeincometaxesextraordinaryitemsnoncontrollinginterest": 1171000000,
        "incometaxexpensebenefit": 211000000,
        "profitloss": 960000000,
        "netincomelossattributabletononcontrollinginterest": 376000000,
        "netincomeloss": 584000000,
        "netincomelossavailabletocommonstockholdersdiluted": 584000000,
        "netincomelossavailabletocommonstockholdersbasic": 584000000,
        "earningspersharebasic": 0.9799999999999991,
        "earningspersharediluted": 0.9799999999999991,
        "weightedaveragenumberofsharesoutstandingbasic": -1170900000,
        "weightedaveragenumberofdilutedsharesoutstanding": -1170900000,
        "othercomprehensiveincomelossavailableforsalesecuritiesadjustmentbeforetax": 1945000000,
        "othercomprehensiveincomelosscashflowhedgegainlossafterreclassificationbeforetax": 130000000,
        "othercomprehensiveincomelossforeigncurrencytransactionandtranslationadjustmentbeforetax": 35000000,
        "othercomprehensiveincomelossbeforetax": 2110000000,
        "othercomprehensiveincomelosstax": 361000000,
        "othercomprehensiveincomelossnetoftax": 1749000000,
        "comprehensiveincomenetoftaxincludingportionattributabletononcontrollinginterest": 2709000000,
        "comprehensiveincomenetoftaxattributabletononcontrollinginterest": 693000000,
        "comprehensiveincomenetoftax": 2016000000
    },
    {
        "date": "2022-09-29",
        "symbol": "APO",
        "period": "Q3",
        "revenuefromcontractwithcustomerexcludingassessedtax": 389000000,
        "netinvestmentincome": -31000000,
        "premiumsearnednet": 3045000000,
        "insurancecommissionsandfees": 184000000,
        "gainlossoninvestments": -2847000000,
        "otherincome": -27000000,
        "revenues": 477000000,
        "laborandrelatedexpense": 386000000,
        "interestexpense": 31000000,
        "generalandadministrativeexpense": 167000000,
        "interestsensitivecontractbenefitsexpense": 89000000,
        "liabilityforfuturepolicybenefitsperiodexpense": 3294000000,
        "deferredpolicyacquisitioncostsdeferredsalesinducementcostsandpresentvalueoffutureinsuranceprofitsnetamortizationexpense": 125000000,
        "policyandotheroperatingexpenses": 343000000,
        "operatingexpenses": 584000000,
        "othernonoperatingincomeexpense": 28000000,
        "nonoperatingincomeexpense": 97000000,
        "incomelossfromcontinuingoperationsbeforeincometaxesextraordinaryitemsnoncontrollinginterest": -1359000000,
        "incometaxexpensebenefit": -185000000,
        "profitloss": -1174000000,
        "netincomelossattributabletononcontrollinginterest": -298000000,
        "netincomeloss": -876000000,
        "netincomelossavailabletocommonstockholdersdiluted": -876000000,
        "netincomelossavailabletocommonstockholdersbasic": -876000000,
        "earningspersharebasic": -1.52,
        "earningspersharediluted": -1.52,
        "weightedaveragenumberofsharesoutstandingbasic": 584300000,
        "weightedaveragenumberofdilutedsharesoutstanding": 584300000,
        "othercomprehensiveincomelossavailableforsalesecuritiesadjustmentbeforetax": -5699000000,
        "othercomprehensiveincomelosscashflowhedgegainlossafterreclassificationbeforetax": -80000000,
        "othercomprehensiveincomelossforeigncurrencytransactionandtranslationadjustmentbeforetax": 11000000,
        "othercomprehensiveincomelossbeforetax": -5768000000,
        "othercomprehensiveincomelosstax": -991000000,
        "othercomprehensiveincomelossnetoftax": -4777000000,
        "comprehensiveincomenetoftaxincludingportionattributabletononcontrollinginterest": -5951000000,
        "comprehensiveincomenetoftaxattributabletononcontrollinginterest": -1107000000,
        "comprehensiveincomenetoftax": -4844000000
    },
    {
        "date": "2022-06-29",
        "symbol": "APO",
        "period": "Q2",
        "revenuefromcontractwithcustomerexcludingassessedtax": 375000000,
        "netinvestmentincome": -195000000,
        "premiumsearnednet": 5614000000,
        "insurancecommissionsandfees": 175000000,
        "gainlossoninvestments": -5759000000,
        "otherincome": -8000000,
        "revenues": 292000000,
        "laborandrelatedexpense": 309000000,
        "interestexpense": 31000000,
        "generalandadministrativeexpense": 157000000,
        "interestsensitivecontractbenefitsexpense": -621000000,
        "liabilityforfuturepolicybenefitsperiodexpense": 5609000000,
        "deferredpolicyacquisitioncostsdeferredsalesinducementcostsandpresentvalueoffutureinsuranceprofitsnetamortizationexpense": 125000000,
        "policyandotheroperatingexpenses": 331000000,
        "operatingexpenses": 497000000,
        "othernonoperatingincomeexpense": 21000000,
        "nonoperatingincomeexpense": 180000000,
        "incomelossfromcontinuingoperationsbeforeincometaxesextraordinaryitemsnoncontrollinginterest": -3489000000,
        "incometaxexpensebenefit": -487000000,
        "profitloss": -3002000000,
        "netincomelossattributabletononcontrollinginterest": -951000000,
        "netincomeloss": -2051000000,
        "netincomelossavailabletocommonstockholdersdiluted": -2051000000,
        "netincomelossavailabletocommonstockholdersbasic": -2051000000,
        "earningspersharebasic": -3.53,
        "earningspersharediluted": -3.53,
        "weightedaveragenumberofsharesoutstandingbasic": 584800000,
        "weightedaveragenumberofdilutedsharesoutstanding": 584800000,
        "othercomprehensiveincomelossavailableforsalesecuritiesadjustmentbeforetax": -7274000000,
        "othercomprehensiveincomelosscashflowhedgegainlossafterreclassificationbeforetax": 81000000,
        "othercomprehensiveincomelossforeigncurrencytransactionandtranslationadjustmentbeforetax": -90000000,
        "othercomprehensiveincomelossbeforetax": -7283000000,
        "othercomprehensiveincomelosstax": -1283000000,
        "othercomprehensiveincomelossnetoftax": -6000000000,
        "comprehensiveincomenetoftaxincludingportionattributabletononcontrollinginterest": -9002000000,
        "comprehensiveincomenetoftaxattributabletononcontrollinginterest": -1837000000,
        "comprehensiveincomenetoftax": -7165000000
    },
    {
        "date": "2022-03-30",
        "symbol": "APO",
        "period": "Q1",
        "revenuefromcontractwithcustomerexcludingassessedtax": 336000000,
        "netinvestmentincome": 701000000,
        "premiumsearnednet": 2110000000,
        "insurancecommissionsandfees": 166000000,
        "gainlossoninvestments": -4217000000,
        "otherincome": -3000000,
        "revenues": 1109000000,
        "laborandrelatedexpense": 734000000,
        "interestexpense": 32000000,
        "generalandadministrativeexpense": 148000000,
        "interestsensitivecontractbenefitsexpense": -41000000,
        "liabilityforfuturepolicybenefitsperiodexpense": 2085000000,
        "deferredpolicyacquisitioncostsdeferredsalesinducementcostsandpresentvalueoffutureinsuranceprofitsnetamortizationexpense": 125000000,
        "policyandotheroperatingexpenses": 308000000,
        "operatingexpenses": 914000000,
        "othernonoperatingincomeexpense": -23000000,
        "nonoperatingincomeexpense": 378000000,
        "incomelossfromcontinuingoperationsbeforeincometaxesextraordinaryitemsnoncontrollinginterest": -2138000000,
        "incometaxexpensebenefit": -608000000,
        "profitloss": -1530000000,
        "netincomelossattributabletononcontrollinginterest": -660000000,
        "netincomeloss": -870000000,
        "netincomelossavailabletocommonstockholdersdiluted": -870000000,
        "netincomelossavailabletocommonstockholdersbasic": -870000000,
        "earningspersharebasic": -1.5,
        "earningspersharediluted": -1.5,
        "weightedaveragenumberofsharesoutstandingbasic": 586500000,
        "weightedaveragenumberofdilutedsharesoutstanding": 586500000,
        "othercomprehensiveincomelossavailableforsalesecuritiesadjustmentbeforetax": -6431000000,
        "othercomprehensiveincomelosscashflowhedgegainlossafterreclassificationbeforetax": -127000000,
        "othercomprehensiveincomelossforeigncurrencytransactionandtranslationadjustmentbeforetax": -2000000,
        "othercomprehensiveincomelossbeforetax": -6560000000,
        "othercomprehensiveincomelosstax": -1170000000,
        "othercomprehensiveincomelossnetoftax": -5390000000,
        "comprehensiveincomenetoftaxincludingportionattributabletononcontrollinginterest": -6920000000,
        "comprehensiveincomenetoftaxattributabletononcontrollinginterest": -1379000000,
        "comprehensiveincomenetoftax": -5541000000
    },
    {
        "date": "2021-09-30",
        "symbol": "APO",
        "period": "Q3",
        "revenuefromcontractwithcustomerexcludingassessedtax": 474537000,
        "gainlossoninvestmentsperformanceallocation": 458211000,
        "principalinvestmentgainslosses": 78283000,
        "gainlossoninvestments": 536494000,
        "revenues": 1079298000,
        "salariesandwages": 182576000,
        "allocatedsharebasedcompensationexpense": 56218000,
        "profitsharingexpense": 262874000,
        "laborandrelatedexpense": 501668000,
        "interestexpense": 34820000,
        "generalandadministrativeexpense": 111597000,
        "placementfees": 822000,
        "operatingexpenses": 648907000,
        "investmentincomenetamortizationofdiscountandpremium": 172798000,
        "netgainsfrominvestmentactivitiesofconsolidatedvariableinterestentities": 142455000,
        "investmentincomeinterestanddividend": 2114000,
        "othernonoperatingincomeexpense": -14907000,
        "nonoperatingincomeexpense": 302460000,
        "incomelossfromcontinuingoperationsbeforeincometaxesminorityinterestandincomelossfromequitymethodinvestments": 732851000,
        "incometaxexpensebenefit": 101434000,
        "profitloss": 631417000,
        "netincomelossattributabletononcontrollinginterest": 373095000,
        "netincomeloss": 258322000,
        "preferredstockdividendsincomestatementimpact": 4382000,
        "netincomelossavailabletocommonstockholdersbasic": 249158000,
        "earningspersharebasic": 1.01,
        "earningspersharediluted": 1.01,
        "weightedaveragenumberofsharesoutstandingbasic": 239451921,
        "weightedaveragenumberofdilutedsharesoutstanding": 239451921,
        "othercomprehensiveincomeforeigncurrencytransactionandtranslationgainlossarisingduringperiodnetoftax": -10712000,
        "othercomprehensiveincomelosscashflowhedgegainlossafterreclassificationandtax": 49000,
        "othercomprehensiveincomeunrealizedholdinggainlossonsecuritiesarisingduringperiodnetoftax": 21000,
        "othercomprehensiveincomelossnetoftax": -10642000,
        "comprehensiveincomenetoftaxincludingportionattributabletononcontrollinginterest": 620775000,
        "comprehensiveincomenetoftaxattributabletononcontrollinginterest": 363013000,
        "comprehensiveincomenetoftax": 257762000
    },
    {
        "date": "2021-06-30",
        "symbol": "APO",
        "period": "Q2",
        "revenuefromcontractwithcustomerexcludingassessedtax": 470092000,
        "gainlossoninvestmentsperformanceallocation": 735139000,
        "principalinvestmentgainslosses": 76425000,
        "gainlossoninvestments": 811564000,
        "revenues": 1382325000,
        "salariesandwages": 181299000,
        "allocatedsharebasedcompensationexpense": 52998000,
        "profitsharingexpense": 361247000,
        "laborandrelatedexpense": 595544000,
        "interestexpense": 34814000,
        "generalandadministrativeexpense": 115838000,
        "placementfees": 591000,
        "operatingexpenses": 746787000,
        "investmentincomenetamortizationofdiscountandpremium": 913394000,
        "netgainsfrominvestmentactivitiesofconsolidatedvariableinterestentities": 145403000,
        "investmentincomeinterestanddividend": 645000,
        "othernonoperatingincomeexpense": 4531000,
        "nonoperatingincomeexpense": 1063973000,
        "incomelossfromcontinuingoperationsbeforeincometaxesminorityinterestandincomelossfromequitymethodinvestments": 1699511000,
        "incometaxexpensebenefit": 194051000,
        "profitloss": 1505460000,
        "netincomelossattributabletononcontrollinginterest": 847733000,
        "netincomeloss": 657727000,
        "preferredstockdividendsincomestatementimpact": 4383000,
        "netincomelossavailabletocommonstockholdersbasic": 648563000,
        "earningspersharebasic": 2.7,
        "earningspersharediluted": 2.7,
        "weightedaveragenumberofsharesoutstandingbasic": 231058813,
        "weightedaveragenumberofdilutedsharesoutstanding": 231058813,
        "othercomprehensiveincomeforeigncurrencytransactionandtranslationgainlossarisingduringperiodnetoftax": 3711000,
        "othercomprehensiveincomelosscashflowhedgegainlossafterreclassificationandtax": 52000,
        "othercomprehensiveincomeunrealizedholdinggainlossonsecuritiesarisingduringperiodnetoftax": -148000,
        "othercomprehensiveincomelossnetoftax": 3615000,
        "comprehensiveincomenetoftaxincludingportionattributabletononcontrollinginterest": 1509075000,
        "comprehensiveincomenetoftaxattributabletononcontrollinginterest": 851304000,
        "comprehensiveincomenetoftax": 657771000
    },
    {
        "date": "2021-03-31",
        "symbol": "APO",
        "period": "Q1",
        "revenuefromcontractwithcustomerexcludingassessedtax": 457185000,
        "gainlossoninvestmentsperformanceallocation": 1395347000,
        "principalinvestmentgainslosses": 381966000,
        "gainlossoninvestments": 1777313000,
        "revenues": 2294700000,
        "salariesandwages": 174630000,
        "allocatedsharebasedcompensationexpense": 56448000,
        "profitsharingexpense": 655480000,
        "laborandrelatedexpense": 886558000,
        "interestexpense": 34799000,
        "generalandadministrativeexpense": 99850000,
        "placementfees": 537000,
        "operatingexpenses": 1021744000,
        "investmentincomenetamortizationofdiscountandpremium": 353151000,
        "netgainsfrominvestmentactivitiesofconsolidatedvariableinterestentities": 112594000,
        "investmentincomeinterestanddividend": 798000,
        "othernonoperatingincomeexpense": -17750000,
        "nonoperatingincomeexpense": 448793000,
        "incomelossfromcontinuingoperationsbeforeincometaxesminorityinterestandincomelossfromequitymethodinvestments": 1721749000,
        "incometaxexpensebenefit": 203246000,
        "profitloss": 1518503000,
        "netincomelossattributabletononcontrollinginterest": 839613000,
        "netincomeloss": 678890000,
        "preferredstockdividendsincomestatementimpact": 4383000,
        "netincomelossavailabletocommonstockholdersbasic": 669726000,
        "earningspersharebasic": 2.81,
        "earningspersharediluted": 2.81,
        "weightedaveragenumberofsharesoutstandingbasic": 230003502,
        "weightedaveragenumberofdilutedsharesoutstanding": 230003502,
        "othercomprehensiveincomeforeigncurrencytransactionandtranslationgainlossarisingduringperiodnetoftax": -15147000,
        "othercomprehensiveincomelosscashflowhedgegainlossafterreclassificationandtax": 50000,
        "othercomprehensiveincomeunrealizedholdinggainlossonsecuritiesarisingduringperiodnetoftax": 818000,
        "othercomprehensiveincomelossnetoftax": -14279000,
        "comprehensiveincomenetoftaxincludingportionattributabletononcontrollinginterest": 1504224000,
        "comprehensiveincomenetoftaxattributabletononcontrollinginterest": 825849000,
        "comprehensiveincomenetoftax": 678375000
    },
    {
        "date": "2020-12-31",
        "symbol": "APO",
        "period": "Q4",
        "revenuefromcontractwithcustomerexcludingassessedtax": 446846000,
        "gainlossoninvestmentsperformanceallocation": 660962000,
        "principalinvestmentgainslosses": 107208000,
        "gainlossoninvestments": 768170000,
        "revenues": 1296496000,
        "salariesandwages": 174572000,
        "allocatedsharebasedcompensationexpense": 51872000,
        "profitsharingexpense": 315731000,
        "laborandrelatedexpense": 542175000,
        "interestexpense": 34817000,
        "generalandadministrativeexpense": 95144000,
        "placementfees": 430000,
        "operatingexpenses": 672566000,
        "investmentincomenetamortizationofdiscountandpremium": 395925000,
        "netgainsfrominvestmentactivitiesofconsolidatedvariableinterestentities": 183308000,
        "investmentincomeinterestanddividend": 1586000,
        "othernonoperatingincomeexpense": 23851000,
        "nonoperatingincomeexpense": 604670000,
        "incomelossfromcontinuingoperationsbeforeincometaxesminorityinterestandincomelossfromequitymethodinvestments": 1228600000,
        "incometaxexpensebenefit": 153139000,
        "profitloss": 1075461000,
        "netincomelossattributabletononcontrollinginterest": 641357000,
        "netincomeloss": 434104000,
        "preferredstockdividendsincomestatementimpact": 4383000,
        "netincomelossavailabletocommonstockholdersbasic": 424940000,
        "earningspersharebasic": 1.9599999999999995,
        "earningspersharediluted": 1.9599999999999995,
        "weightedaveragenumberofsharesoutstandingbasic": -454652585,
        "weightedaveragenumberofdilutedsharesoutstanding": -454652585,
        "othercomprehensiveincomeforeigncurrencytransactionandtranslationgainlossarisingduringperiodnetoftax": 20565000,
        "othercomprehensiveincomelosscashflowhedgegainlossafterreclassificationandtax": 50000,
        "othercomprehensiveincomeunrealizedholdinggainlossonsecuritiesarisingduringperiodnetoftax": 442000,
        "othercomprehensiveincomelossnetoftax": 21057000,
        "comprehensiveincomenetoftaxincludingportionattributabletononcontrollinginterest": 1096518000,
        "comprehensiveincomenetoftaxattributabletononcontrollinginterest": 667207000,
        "comprehensiveincomenetoftax": 429311000
    },
    {
        "date": "2020-09-30",
        "symbol": "APO",
        "period": "Q3",
        "revenuefromcontractwithcustomerexcludingassessedtax": 433570000,
        "gainlossoninvestmentsperformanceallocation": 459241000,
        "principalinvestmentgainslosses": 50722000,
        "gainlossoninvestments": 509963000,
        "revenues": 1018274000,
        "salariesandwages": 163197000,
        "allocatedsharebasedcompensationexpense": 49726000,
        "profitsharingexpense": 191809000,
        "laborandrelatedexpense": 404732000,
        "interestexpense": 34889000,
        "generalandadministrativeexpense": 90822000,
        "placementfees": 612000,
        "operatingexpenses": 531055000,
        "investmentincomenetamortizationofdiscountandpremium": 144472000,
        "netgainsfrominvestmentactivitiesofconsolidatedvariableinterestentities": 122119000,
        "investmentincomeinterestanddividend": 1485000,
        "othernonoperatingincomeexpense": 10161000,
        "nonoperatingincomeexpense": 278237000,
        "incomelossfromcontinuingoperationsbeforeincometaxesminorityinterestandincomelossfromequitymethodinvestments": 765456000,
        "incometaxexpensebenefit": 89357000,
        "profitloss": 676099000,
        "netincomelossattributabletononcontrollinginterest": 403700000,
        "netincomeloss": 272399000,
        "preferredstockdividendsincomestatementimpact": 4382000,
        "netincomelossavailabletocommonstockholdersbasic": 263236000,
        "earningspersharebasic": 1.11,
        "earningspersharediluted": 1.11,
        "weightedaveragenumberofsharesoutstandingbasic": 227771678,
        "weightedaveragenumberofdilutedsharesoutstanding": 227771678,
        "othercomprehensiveincomeforeigncurrencytransactionandtranslationgainlossarisingduringperiodnetoftax": 19524000,
        "othercomprehensiveincomelosscashflowhedgegainlossafterreclassificationandtax": 52000,
        "othercomprehensiveincomeunrealizedholdinggainlossonsecuritiesarisingduringperiodnetoftax": 106000,
        "othercomprehensiveincomelossnetoftax": 19682000,
        "comprehensiveincomenetoftaxincludingportionattributabletononcontrollinginterest": 695781000,
        "comprehensiveincomenetoftaxattributabletononcontrollinginterest": 416781000,
        "comprehensiveincomenetoftax": 279000000
    },
    {
        "date": "2020-06-30",
        "symbol": "APO",
        "period": "Q2",
        "profitloss": 999085000,
        "othercomprehensiveincomeforeigncurrencytransactionandtranslationgainlossarisingduringperiodnetoftax": 6943000,
        "othercomprehensiveincomelosscashflowhedgegainlossafterreclassificationandtax": 50000,
        "othercomprehensiveincomeunrealizedholdinggainlossonsecuritiesarisingduringperiodnetoftax": 3552000,
        "othercomprehensiveincomelossnetoftax": 10545000,
        "comprehensiveincomenetoftaxincludingportionattributabletononcontrollinginterest": 1009630000,
        "comprehensiveincomenetoftaxattributabletononcontrollinginterest": 558979000,
        "comprehensiveincomenetoftax": 450651000,
        "revenuefromcontractwithcustomerexcludingassessedtax": 409953000,
        "gainlossoninvestmentsperformanceallocation": 924599000,
        "principalinvestmentgainslosses": 111621000,
        "gainlossoninvestments": 1036220000,
        "revenues": 1508335000,
        "salariesandwages": 151019000,
        "allocatedsharebasedcompensationexpense": 59420000,
        "profitsharingexpense": 375959000,
        "laborandrelatedexpense": 586398000,
        "interestexpense": 32291000,
        "generalandadministrativeexpense": 83729000,
        "placementfees": 359000,
        "operatingexpenses": 702777000,
        "investmentincomenetamortizationofdiscountandpremium": 268667000,
        "netgainsfrominvestmentactivitiesofconsolidatedvariableinterestentities": 57862000,
        "investmentincomeinterestanddividend": 3994000,
        "othernonoperatingincomeexpense": 3327000,
        "nonoperatingincomeexpense": 333850000,
        "incomelossfromcontinuingoperationsbeforeincometaxesminorityinterestandincomelossfromequitymethodinvestments": 1139408000,
        "incometaxexpensebenefit": 140323000,
        "netincomelossattributabletononcontrollinginterest": 552756000,
        "netincomeloss": 446329000,
        "preferredstockdividendsincomestatementimpact": 4383000,
        "netincomelossavailabletocommonstockholdersbasic": 437164000,
        "earningspersharebasic": 1.84,
        "earningspersharediluted": 1.84,
        "weightedaveragenumberofsharesoutstandingbasic": 227653988,
        "weightedaveragenumberofdilutedsharesoutstanding": 227653988
    },
    {
        "date": "2020-03-31",
        "symbol": "APO",
        "period": "Q1",
        "profitloss": -2283843000,
        "othercomprehensiveincomeforeigncurrencytransactionandtranslationgainlossarisingduringperiodnetoftax": -5815000,
        "othercomprehensiveincomelosscashflowhedgegainlossafterreclassificationandtax": 51000,
        "othercomprehensiveincomeunrealizedholdinggainlossonsecuritiesarisingduringperiodnetoftax": -4900000,
        "othercomprehensiveincomelossnetoftax": -10664000,
        "comprehensiveincomenetoftaxincludingportionattributabletononcontrollinginterest": -2294507000,
        "comprehensiveincomenetoftaxattributabletononcontrollinginterest": -1294666000,
        "comprehensiveincomenetoftax": -999841000,
        "revenuefromcontractwithcustomerexcludingassessedtax": 396604000,
        "gainlossoninvestmentsperformanceallocation": -1734323000,
        "principalinvestmentgainslosses": -187849000,
        "gainlossoninvestments": -1922172000,
        "revenues": -1469086000,
        "salariesandwages": 139269000,
        "allocatedsharebasedcompensationexpense": 52122000,
        "profitsharingexpense": -635998000,
        "laborandrelatedexpense": -444607000,
        "interestexpense": 31242000,
        "generalandadministrativeexpense": 84522000,
        "placementfees": 409000,
        "operatingexpenses": -328434000,
        "investmentincomenetamortizationofdiscountandpremium": -1264551000,
        "netgainsfrominvestmentactivitiesofconsolidatedvariableinterestentities": -165920000,
        "investmentincomeinterestanddividend": 7934000,
        "othernonoperatingincomeexpense": -16507000,
        "nonoperatingincomeexpense": -1439044000,
        "incomelossfromcontinuingoperationsbeforeincometaxesminorityinterestandincomelossfromequitymethodinvestments": -2579696000,
        "incometaxexpensebenefit": -295853000,
        "netincomelossattributabletononcontrollinginterest": -1287625000,
        "netincomeloss": -996218000,
        "preferredstockdividendsincomestatementimpact": 4383000,
        "netincomelossavailabletocommonstockholdersbasic": -1005382000,
        "earningspersharebasic": -4.47,
        "earningspersharediluted": -4.47,
        "weightedaveragenumberofsharesoutstandingbasic": 226757519,
        "weightedaveragenumberofdilutedsharesoutstanding": 226757519
    }
]