[
    {
        "date": "2024-09-29",
        "symbol": "OWL",
        "period": "Q3",
        "revenuefromcontractwithcustomerexcludingassessedtax": 600000,
        "laborandrelatedexpense": 271107000,
        "amortizationofintangibleassets": 68674000,
        "generalandadministrativeexpense": 121329000,
        "costsandexpenses": 461110000,
        "gainlossoninvestments": 3748000,
        "investmentincomeinterestanddividend": 12213000,
        "interestexpensenonoperating": 34102000,
        "fairvalueadjustmentontaxreceivableagreement": 6849000,
        "fairvalueadjustmentofwarrants": 6300000,
        "fairvalueadjustmentofearnoutsecuritiesliability": 10056000,
        "nonoperatingincomeexpense": -27648000,
        "incomelossfromcontinuingoperationsbeforeincometaxesextraordinaryitemsnoncontrollinginterest": 112120000,
        "incometaxexpensebenefit": 12796000,
        "profitloss": 99324000,
        "netincomelossattributabletononcontrollinginterest": 69519000,
        "netincomeloss": 29805000,
        "earningspersharebasic": 0.05,
        "earningspersharediluted": 0.04,
        "weightedaveragenumberofsharesoutstandingbasic": 575249883,
        "weightedaveragenumberofdilutedsharesoutstanding": 1491724950,
        "revenues": 140676000
    },
    {
        "date": "2024-06-29",
        "symbol": "OWL",
        "period": "Q2",
        "revenuefromcontractwithcustomerexcludingassessedtax": 465754000,
        "laborandrelatedexpense": 227103000,
        "amortizationofintangibleassets": 56734000,
        "generalandadministrativeexpense": 93458000,
        "costsandexpenses": 377295000,
        "gainlossoninvestments": 2624000,
        "investmentincomeinterestanddividend": 13787000,
        "interestexpensenonoperating": 32715000,
        "gainlossontaxreceivableagreement": -2978000,
        "fairvalueadjustmentofwarrants": -3050000,
        "fairvalueadjustmentofearnoutsecuritiesliability": 70000,
        "nonoperatingincomeexpense": -16302000,
        "incomelossfromcontinuingoperationsbeforeincometaxesextraordinaryitemsnoncontrollinginterest": 156251000,
        "incometaxexpensebenefit": 18197000,
        "profitloss": 138054000,
        "netincomelossattributabletononcontrollinginterest": 104109000,
        "netincomeloss": 33945000,
        "earningspersharebasic": 0.06,
        "earningspersharediluted": 0.06,
        "weightedaveragenumberofsharesoutstandingbasic": 530100825,
        "weightedaveragenumberofdilutedsharesoutstanding": 539392803,
        "revenues": 129442000
    },
    {
        "date": "2024-03-30",
        "symbol": "OWL",
        "period": "Q1",
        "revenuefromcontractwithcustomerexcludingassessedtax": 447898000,
        "laborandrelatedexpense": 224791000,
        "amortizationofintangibleassets": 56195000,
        "generalandadministrativeexpense": 76748000,
        "costsandexpenses": 357734000,
        "gainlossoninvestments": 3173000,
        "investmentincomeinterestanddividend": 4755000,
        "interestexpense": 22484000,
        "gainlossontaxreceivableagreement": 1019000,
        "fairvalueadjustmentofwarrants": 14700000,
        "fairvalueadjustmentofearnoutsecuritiesliability": 585000,
        "nonoperatingincomeexpense": -28822000,
        "incomelossfromcontinuingoperationsbeforeincometaxesextraordinaryitemsnoncontrollinginterest": 126784000,
        "incometaxexpensebenefit": 14771000,
        "profitloss": 112013000,
        "netincomelossattributabletononcontrollinginterest": 86922000,
        "netincomeloss": 25091000,
        "earningspersharebasic": 0.05,
        "earningspersharediluted": 0.04,
        "weightedaveragenumberofsharesoutstandingbasic": 488435221,
        "weightedaveragenumberofdilutedsharesoutstanding": 498738547,
        "revenues": 120161000
    },
    {
        "date": "2023-12-30",
        "symbol": "OWL",
        "period": "Q4",
        "revenuefromcontractwithcustomerexcludingassessedtax": 963430000,
        "laborandrelatedexpense": 250767000,
        "amortizationofintangibleassets": 56809000,
        "generalandadministrativeexpense": 69708000,
        "costsandexpenses": 377284000,
        "gainlossoninvestments": 1788000,
        "interestexpense": 34569000,
        "gainlossontaxreceivableagreement": -9843000,
        "fairvalueadjustmentofwarrants": 10500000,
        "fairvalueadjustmentofearnoutsecuritiesliability": 1497000,
        "nonoperatingincomeexpense": -32445000,
        "incomelossfromcontinuingoperationsbeforeincometaxesextraordinaryitemsnoncontrollinginterest": 84306000,
        "incometaxexpensebenefit": 3114000,
        "profitloss": 81192000,
        "netincomelossattributabletononcontrollinginterest": 63134000,
        "netincomeloss": 18058000,
        "earningspersharebasic": 0.039999999999999994,
        "earningspersharediluted": 0.030000000000000002,
        "weightedaveragenumberofsharesoutstandingbasic": 463233832,
        "weightedaveragenumberofdilutedsharesoutstanding": 478008915,
        "typeofrevenueextensiblelist": "http://www.blueowl.com/20231231#BusinessDevelopmentCompanyFeesMember"
    },
    {
        "date": "2023-09-29",
        "symbol": "OWL",
        "period": "Q3",
        "revenuefromcontractwithcustomerexcludingassessedtax": 386009000,
        "laborandrelatedexpense": 213976000,
        "amortizationofintangibleassets": 56724000,
        "generalandadministrativeexpense": 65485000,
        "costsandexpenses": 336185000,
        "gainlossoninvestments": -1227000,
        "interestexpense": 13986000,
        "gainlossontaxreceivableagreement": 35000,
        "fairvalueadjustmentofwarrants": 2050000,
        "fairvalueadjustmentofearnoutsecuritiesliability": 2074000,
        "nonoperatingincomeexpense": -19302000,
        "incomelossfromcontinuingoperationsbeforeincometaxesextraordinaryitemsnoncontrollinginterest": 74163000,
        "incometaxexpensebenefit": 10652000,
        "profitloss": 63511000,
        "netincomelossattributabletononcontrollinginterest": 48402000,
        "netincomeloss": 15109000,
        "earningspersharebasic": 0.03,
        "earningspersharediluted": 0.03,
        "weightedaveragenumberofsharesoutstandingbasic": 466376329,
        "weightedaveragenumberofdilutedsharesoutstanding": 482573913,
        "typeofrevenueextensiblelist": "http://www.blueowl.com/20230930#BusinessDevelopmentCompanyFeesMember"
    },
    {
        "date": "2023-06-29",
        "symbol": "OWL",
        "period": "Q2",
        "revenuefromcontractwithcustomerexcludingassessedtax": 91938000,
        "laborandrelatedexpense": 208281000,
        "amortizationofintangibleassets": 115917000,
        "generalandadministrativeexpense": 51482000,
        "costsandexpenses": 375680000,
        "gainlossoninvestments": 3030000,
        "interestexpense": 13568000,
        "gainlossontaxreceivableagreement": 10116000,
        "fairvalueadjustmentofwarrants": -450000,
        "fairvalueadjustmentofearnoutsecuritiesliability": 1844000,
        "nonoperatingincomeexpense": -1816000,
        "incomelossfromcontinuingoperationsbeforeincometaxesextraordinaryitemsnoncontrollinginterest": 39441000,
        "incometaxexpensebenefit": 5402000,
        "profitloss": 34039000,
        "netincomelossattributabletononcontrollinginterest": 21180000,
        "netincomeloss": 12859000,
        "earningspersharebasic": 0.03,
        "earningspersharediluted": 0.02,
        "weightedaveragenumberofsharesoutstandingbasic": 459396686,
        "weightedaveragenumberofdilutedsharesoutstanding": 1430966523,
        "typeofrevenueextensiblelist": "http://www.blueowl.com/20230630#BusinessDevelopmentCompanyFeesMember"
    },
    {
        "date": "2023-03-30",
        "symbol": "OWL",
        "period": "Q1",
        "revenuefromcontractwithcustomerexcludingassessedtax": 85864000,
        "laborandrelatedexpense": 197618000,
        "amortizationofintangibleassets": 70891000,
        "generalandadministrativeexpense": 56134000,
        "costsandexpenses": 324643000,
        "gainlossoninvestments": 612000,
        "interestexpense": 13573000,
        "gainlossontaxreceivableagreement": -1964000,
        "fairvalueadjustmentofwarrants": 1950000,
        "fairvalueadjustmentofearnoutsecuritiesliability": 994000,
        "nonoperatingincomeexpense": -17869000,
        "incomelossfromcontinuingoperationsbeforeincometaxesextraordinaryitemsnoncontrollinginterest": 48474000,
        "incometaxexpensebenefit": 6440000,
        "profitloss": 42034000,
        "netincomelossattributabletononcontrollinginterest": 33717000,
        "netincomeloss": 8317000,
        "earningspersharebasic": 0.02,
        "earningspersharediluted": 0.02,
        "weightedaveragenumberofsharesoutstandingbasic": 456189118,
        "weightedaveragenumberofdilutedsharesoutstanding": 461911117,
        "typeofrevenueextensiblelist": "http://www.blueowl.com/20230331#BusinessDevelopmentCompanyFeesMember"
    },
    {
        "date": "2022-03-30",
        "symbol": "OWL",
        "period": "Q1",
        "revenuefromcontractwithcustomerexcludingassessedtax": 46739000,
        "laborandrelatedexpense": 193892000,
        "amortizationofintangibleassets": 61526000,
        "generalandadministrativeexpense": 43294000,
        "costsandexpenses": 298712000,
        "gainlossoninvestments": 5000,
        "interestexpense": 12834000,
        "gainlossontaxreceivableagreement": -9652000,
        "fairvalueadjustmentofwarrants": -17758000,
        "fairvalueadjustmentofearnoutsecuritiesliability": 496000,
        "nonoperatingincomeexpense": -5219000,
        "incomelossfromcontinuingoperationsbeforeincometaxesextraordinaryitemsnoncontrollinginterest": -27954000,
        "incometaxexpensebenefit": -5038000,
        "profitloss": -22916000,
        "netincomelossattributabletononcontrollinginterest": -11101000,
        "netincomeloss": -11815000,
        "netincomelossavailabletocommonstockholdersbasic": -11815000,
        "earningspersharebasic": -0.03,
        "earningspersharediluted": -0.03,
        "weightedaveragenumberofsharesoutstandingbasic": 417108929,
        "weightedaveragenumberofdilutedsharesoutstanding": 417108929,
        "weightedaveragenumberofsharescontingentlyissuable": 10928095
    },
    {
        "date": "2021-09-29",
        "symbol": "OWL",
        "period": "Q3",
        "revenuefromcontractwithcustomerexcludingassessedtax": 43659000,
        "laborandrelatedexpense": 96910000,
        "amortizationofintangibleassets": 46191000,
        "generalandadministrativeexpense": 28438000,
        "costsandexpenses": 171539000,
        "gainlossoninvestments": -145000,
        "interestexpense": 6112000,
        "gainlossontaxreceivableagreement": -4733000,
        "fairvalueadjustmentofwarrants": 27462000,
        "fairvalueadjustmentofearnoutsecuritiesliability": 293122000,
        "nonoperatingincomeexpense": -331574000,
        "incomelossfromcontinuingoperationsbeforeincometaxesextraordinaryitemsnoncontrollinginterest": -255238000,
        "incometaxexpensebenefit": -14391000,
        "profitloss": -240847000,
        "netincomelossattributabletononcontrollinginterest": -187524000,
        "netincomeloss": -53323000,
        "netincomelossavailabletocommonstockholdersbasic": -53323000,
        "earningspersharebasic": -0.16,
        "earningspersharediluted": -0.16,
        "weightedaveragenumberofsharesoutstandingbasic": 338472456,
        "weightedaveragenumberofdilutedsharesoutstanding": 338472456
    },
    {
        "date": "2021-06-29",
        "symbol": "OWL",
        "period": "Q2",
        "revenuefromcontractwithcustomerexcludingassessedtax": 36073000,
        "laborandrelatedexpense": 1221565000,
        "amortizationofintangibleassets": 21336000,
        "generalandadministrativeexpense": 51520000,
        "costsandexpenses": 1294421000,
        "gainslossesonextinguishmentofdebt": -16145000,
        "interestexpense": 5817000,
        "gainlossontaxreceivableagreement": -1146000,
        "fairvalueadjustmentofwarrants": 15300000,
        "fairvalueadjustmentofearnoutsecuritiesliability": 462970000,
        "nonoperatingincomeexpense": -501378000,
        "incomelossfromcontinuingoperationsbeforeincometaxesextraordinaryitemsnoncontrollinginterest": -1616539000,
        "incometaxexpensebenefit": -29199000,
        "profitloss": -1587340000,
        "netincomelossattributabletononcontrollinginterest": -1224996000,
        "netincomeloss": -362344000,
        "netincomelossavailabletocommonstockholdersbasic": -397189000,
        "earningspersharebasic": -1.21,
        "earningspersharediluted": -1.23,
        "weightedaveragenumberofsharesoutstandingbasic": 329055258,
        "weightedaveragenumberofdilutedsharesoutstanding": 1252092338,
        "weightedaveragenumberofsharescontingentlyissuable": 9050000
    },
    {
        "date": "2021-03-30",
        "symbol": "OWL",
        "period": "Q1",
        "operationalcosts": 155920,
        "operatingincomeloss": -155920,
        "fairvalueadjustmentofwarrants": -13766548,
        "investmentincomeinterest": 45159,
        "nonoperatingincomeexpense": 13811707,
        "netincomeloss": 13655787,
        "weightedaveragenumberofshareoutstandingbasicanddiluted": 6875000,
        "earningspersharebasicanddiluted": 1.98
    }
]