[
    {
        "date": "2024-09-29",
        "symbol": "F",
        "period": "Q3",
        "revenuefromcontractwithcustomerexcludingassessedtax": 46196000000,
        "costofgoodsandservicessold": 40168000000,
        "sellinggeneralandadministrativeexpense": 2456000000,
        "othercostandexpenseoperating": 2692000000,
        "costsandexpenses": 45316000000,
        "operatingincomeloss": 880000000,
        "interestexpenseother": 272000000,
        "nonoperatingincomeexpense": 114000000,
        "incomelossfromequitymethodinvestments": 147000000,
        "incomelossfromcontinuingoperationsbeforeincometaxesextraordinaryitemsnoncontrollinginterest": 869000000,
        "incometaxexpensebenefit": -27000000,
        "profitloss": 896000000,
        "netincomelossattributabletononcontrollinginterest": 4000000,
        "netincomelossavailabletocommonstockholdersbasic": 892000000,
        "earningspersharebasic": 0.22,
        "earningspersharediluted": 0.22,
        "weightedaveragenumberofsharesoutstandingbasic": 3976000000,
        "weightedaveragenumberofdilutedsharesoutstanding": 4018000000,
        "othercomprehensiveincomelossforeigncurrencytransactionandtranslationadjustmentnetoftax": 431000000,
        "othercomprehensiveincomelossavailableforsalesecuritiesadjustmentnetoftax": 180000000,
        "othercomprehensiveincomelosscashflowhedgegainlossafterreclassificationandtax": -292000000,
        "othercomprehensiveincomelosspensionandotherpostretirementbenefitplansadjustmentnetoftax": -50000000,
        "othercomprehensiveincomelossnetoftax": 369000000,
        "comprehensiveincomenetoftaxincludingportionattributabletononcontrollinginterest": 1265000000,
        "comprehensiveincomenetoftaxattributabletononcontrollinginterest": 5000000,
        "comprehensiveincomenetoftax": 1260000000
    },
    {
        "date": "2024-03-30",
        "symbol": "F",
        "period": "Q1",
        "revenuefromcontractwithcustomerexcludingassessedtax": 39890000000,
        "costofgoodsandservicessold": 36476000000,
        "sellinggeneralandadministrativeexpense": 2376000000,
        "othercostandexpenseoperating": 2700000000,
        "costsandexpenses": 41552000000,
        "operatingincomeloss": 1225000000,
        "interestexpenseother": 278000000,
        "nonoperatingincomeexpense": 498000000,
        "incomelossfromequitymethodinvestments": 167000000,
        "incomelossfromcontinuingoperationsbeforeincometaxesextraordinaryitemsnoncontrollinginterest": 1612000000,
        "incometaxexpensebenefit": 278000000,
        "profitloss": 1334000000,
        "netincomelossattributabletononcontrollinginterest": 2000000,
        "netincomelossavailabletocommonstockholdersbasic": 1332000000,
        "earningspersharebasic": 0.33,
        "earningspersharediluted": 0.33,
        "weightedaveragenumberofsharesoutstandingbasic": 3979000000,
        "weightedaveragenumberofdilutedsharesoutstanding": 4023000000,
        "othercomprehensiveincomelossforeigncurrencytransactionandtranslationadjustmentnetoftax": -114000000,
        "othercomprehensiveincomelossavailableforsalesecuritiesadjustmentnetoftax": -8000000,
        "othercomprehensiveincomelosscashflowhedgegainlossafterreclassificationandtax": 205000000,
        "othercomprehensiveincomelosspensionandotherpostretirementbenefitplansadjustmentnetoftax": -27000000,
        "othercomprehensiveincomelossnetoftax": 110000000,
        "comprehensiveincomenetoftaxincludingportionattributabletononcontrollinginterest": 1444000000,
        "comprehensiveincomenetoftaxattributabletononcontrollinginterest": 2000000,
        "comprehensiveincomenetoftax": 1442000000
    },
    {
        "date": "2023-06-29",
        "symbol": "F",
        "period": "Q2",
        "revenuefromcontractwithcustomerexcludingassessedtax": 2000000,
        "costofgoodsandservicessold": 37471000000,
        "sellinggeneralandadministrativeexpense": 2750000000,
        "othercostandexpenseoperating": 2272000000,
        "costsandexpenses": 42493000000,
        "operatingincomeloss": 2461000000,
        "interestexpenseother": 304000000,
        "nonoperatingincomeexpense": 255000000,
        "incomelossfromequitymethodinvestments": -387000000,
        "incomelossfromcontinuingoperationsbeforeincometaxesextraordinaryitemsnoncontrollinginterest": -1194000000,
        "incometaxexpensebenefit": 272000000,
        "profitloss": 99000000,
        "netincomelossattributabletononcontrollinginterest": 99000000,
        "netincomelossavailabletocommonstockholdersbasic": 1917000000,
        "earningspersharebasic": 0.48,
        "earningspersharediluted": 0.47,
        "weightedaveragenumberofsharesoutstandingbasic": 4003000000,
        "weightedaveragenumberofdilutedsharesoutstanding": 4041000000,
        "othercomprehensiveincomelossforeigncurrencytransactionandtranslationadjustmentnetoftax": 278000000,
        "othercomprehensiveincomelossavailableforsalesecuritiesadjustmentnetoftax": -44000000,
        "othercomprehensiveincomelosscashflowhedgegainlossafterreclassificationandtax": -369000000,
        "othercomprehensiveincomelosspensionandotherpostretirementbenefitplansadjustmentnetoftax": -3000000,
        "othercomprehensiveincomelossnetoftax": 4000000,
        "comprehensiveincomenetoftaxincludingportionattributabletononcontrollinginterest": 1884000000,
        "comprehensiveincomenetoftaxattributabletononcontrollinginterest": 103000000,
        "comprehensiveincomenetoftax": 1781000000
    },
    {
        "date": "2023-03-30",
        "symbol": "F",
        "period": "Q1",
        "revenuefromcontractwithcustomerexcludingassessedtax": 4000000,
        "costofgoodsandservicessold": 34669000000,
        "sellinggeneralandadministrativeexpense": 2506000000,
        "othercostandexpenseoperating": 2186000000,
        "costsandexpenses": 39361000000,
        "operatingincomeloss": 2113000000,
        "interestexpenseother": 308000000,
        "nonoperatingincomeexpense": 224000000,
        "incomelossfromequitymethodinvestments": -34000000,
        "incomelossfromcontinuingoperationsbeforeincometaxesextraordinaryitemsnoncontrollinginterest": -912000000,
        "incometaxexpensebenefit": 496000000,
        "profitloss": 1663000000,
        "netincomelossattributabletononcontrollinginterest": -94000000,
        "netincomelossavailabletocommonstockholdersbasic": 1757000000,
        "earningspersharebasic": 0.44,
        "earningspersharediluted": 0.44,
        "weightedaveragenumberofsharesoutstandingbasic": 3990000000,
        "weightedaveragenumberofdilutedsharesoutstanding": 4029000000,
        "othercomprehensiveincomelossforeigncurrencytransactionandtranslationadjustmentnetoftax": 493000000,
        "othercomprehensiveincomelossavailableforsalesecuritiesadjustmentnetoftax": 110000000,
        "othercomprehensiveincomelosscashflowhedgegainlossafterreclassificationandtax": -55000000,
        "othercomprehensiveincomelosspensionandotherpostretirementbenefitplansadjustmentnetoftax": -3000000,
        "othercomprehensiveincomelossnetoftax": 551000000,
        "comprehensiveincomenetoftaxincludingportionattributabletononcontrollinginterest": 2214000000,
        "comprehensiveincomenetoftaxattributabletononcontrollinginterest": -94000000,
        "comprehensiveincomenetoftax": 2308000000
    },
    {
        "date": "2022-12-30",
        "symbol": "F",
        "period": "Q4",
        "revenuefromcontractwithcustomerexcludingassessedtax": 2254000000,
        "costofgoodsandservicessold": 37816000000,
        "sellinggeneralandadministrativeexpense": 2542000000,
        "othercostandexpenseoperating": 2080000000,
        "costsandexpenses": 42438000000,
        "operatingincomeloss": 1561000000,
        "interestexpenseother": 318000000,
        "nonoperatingincomeexpense": 205000000,
        "incomelossfromequitymethodinvestments": -407000000,
        "incomelossfromcontinuingoperationsbeforeincometaxesextraordinaryitemsnoncontrollinginterest": -1080000000,
        "incometaxexpensebenefit": -93000000,
        "profitloss": -1628000000,
        "netincomelossattributabletononcontrollinginterest": -30000000,
        "netincomelossavailabletocommonstockholdersbasic": 1289000000,
        "earningspersharebasic": 0.32999999999999996,
        "earningspersharediluted": 0.33999999999999997,
        "weightedaveragenumberofsharesoutstandingbasic": -8036000000,
        "weightedaveragenumberofdilutedsharesoutstanding": -8067000000,
        "othercomprehensiveincomelossforeigncurrencytransactionandtranslationadjustmentnetoftax": 888000000,
        "othercomprehensiveincomelossavailableforsalesecuritiesadjustmentnetoftax": 61000000,
        "othercomprehensiveincomelosscashflowhedgegainlossafterreclassificationandtax": -95000000,
        "othercomprehensiveincomelosspensionandotherpostretirementbenefitplansadjustmentnetoftax": 3000000,
        "othercomprehensiveincomelossnetoftax": -48000000,
        "comprehensiveincomenetoftaxincludingportionattributabletononcontrollinginterest": 2110000000,
        "comprehensiveincomenetoftaxattributabletononcontrollinginterest": -33000000,
        "comprehensiveincomenetoftax": 2143000000
    },
    {
        "date": "2022-09-29",
        "symbol": "F",
        "period": "Q3",
        "revenuefromcontractwithcustomerexcludingassessedtax": 2187000000,
        "costofgoodsandservicessold": 34354000000,
        "sellinggeneralandadministrativeexpense": 2847000000,
        "othercostandexpenseoperating": 1687000000,
        "costsandexpenses": 38888000000,
        "operatingincomeloss": 504000000,
        "interestexpenseother": 321000000,
        "nonoperatingincomeexpense": 1318000000,
        "incomelossfromequitymethodinvestments": -2732000000,
        "incomelossfromcontinuingoperationsbeforeincometaxesextraordinaryitemsnoncontrollinginterest": -2607000000,
        "incometaxexpensebenefit": -195000000,
        "profitloss": -103000000,
        "netincomelossattributabletononcontrollinginterest": -103000000,
        "netincomelossavailabletocommonstockholdersbasic": -827000000,
        "earningspersharebasic": -0.21,
        "earningspersharediluted": -0.21,
        "weightedaveragenumberofsharesoutstandingbasic": 4021000000,
        "weightedaveragenumberofdilutedsharesoutstanding": 4021000000,
        "othercomprehensiveincomelossforeigncurrencytransactionandtranslationadjustmentnetoftax": -949000000,
        "othercomprehensiveincomelossavailableforsalesecuritiesadjustmentnetoftax": -148000000,
        "othercomprehensiveincomelosscashflowhedgegainlossafterreclassificationandtax": 367000000,
        "othercomprehensiveincomelosspensionandotherpostretirementbenefitplansadjustmentnetoftax": -13000000,
        "othercomprehensiveincomelossnetoftax": 3000000,
        "comprehensiveincomenetoftaxincludingportionattributabletononcontrollinginterest": -1647000000,
        "comprehensiveincomenetoftaxattributabletononcontrollinginterest": -100000000,
        "comprehensiveincomenetoftax": -1547000000
    },
    {
        "date": "2022-06-29",
        "symbol": "F",
        "period": "Q2",
        "revenuefromcontractwithcustomerexcludingassessedtax": 2256000000,
        "costofgoodsandservicessold": 33191000000,
        "sellinggeneralandadministrativeexpense": 2759000000,
        "othercostandexpenseoperating": 1372000000,
        "costsandexpenses": 37322000000,
        "operatingincomeloss": 2868000000,
        "interestexpenseother": 312000000,
        "nonoperatingincomeexpense": -1823000000,
        "incomelossfromequitymethodinvestments": -20000000,
        "incomelossfromcontinuingoperationsbeforeincometaxesextraordinaryitemsnoncontrollinginterest": -2619000000,
        "incometaxexpensebenefit": 153000000,
        "profitloss": -29000000,
        "netincomelossattributabletononcontrollinginterest": -29000000,
        "netincomelossavailabletocommonstockholdersbasic": 667000000,
        "earningspersharebasic": 0.17,
        "earningspersharediluted": 0.16,
        "weightedaveragenumberofsharesoutstandingbasic": 4021000000,
        "weightedaveragenumberofdilutedsharesoutstanding": 4052000000,
        "othercomprehensiveincomelossforeigncurrencytransactionandtranslationadjustmentnetoftax": -1018000000,
        "othercomprehensiveincomelossavailableforsalesecuritiesadjustmentnetoftax": -83000000,
        "othercomprehensiveincomelosscashflowhedgegainlossafterreclassificationandtax": -94000000,
        "othercomprehensiveincomelosspensionandotherpostretirementbenefitplansadjustmentnetoftax": -12000000,
        "othercomprehensiveincomelossnetoftax": -4000000,
        "comprehensiveincomenetoftaxincludingportionattributabletononcontrollinginterest": -545000000,
        "comprehensiveincomenetoftaxattributabletononcontrollinginterest": -33000000,
        "comprehensiveincomenetoftax": -512000000
    },
    {
        "date": "2022-03-30",
        "symbol": "F",
        "period": "Q1",
        "revenuefromcontractwithcustomerexcludingassessedtax": 2281000000,
        "costofgoodsandservicessold": 29036000000,
        "sellinggeneralandadministrativeexpense": 2740000000,
        "othercostandexpenseoperating": 1357000000,
        "costsandexpenses": 33133000000,
        "operatingincomeloss": 1343000000,
        "interestexpenseother": 308000000,
        "nonoperatingincomeexpense": -4850000000,
        "incomelossfromequitymethodinvestments": -104000000,
        "incomelossfromcontinuingoperationsbeforeincometaxesextraordinaryitemsnoncontrollinginterest": -5866000000,
        "incometaxexpensebenefit": -729000000,
        "profitloss": -9000000,
        "netincomelossattributabletononcontrollinginterest": -9000000,
        "netincomelossavailabletocommonstockholdersbasic": -3110000000,
        "earningspersharebasic": -0.78,
        "earningspersharediluted": -0.78,
        "weightedaveragenumberofsharesoutstandingbasic": 4008000000,
        "weightedaveragenumberofdilutedsharesoutstanding": 4008000000,
        "othercomprehensiveincomelossforeigncurrencytransactionandtranslationadjustmentnetoftax": 146000000,
        "othercomprehensiveincomelossavailableforsalesecuritiesadjustmentnetoftax": -253000000,
        "othercomprehensiveincomelosscashflowhedgegainlossafterreclassificationandtax": 144000000,
        "othercomprehensiveincomelosspensionandotherpostretirementbenefitplansadjustmentnetoftax": -8000000,
        "othercomprehensiveincomelossnetoftax": 45000000,
        "comprehensiveincomenetoftaxincludingportionattributabletononcontrollinginterest": -3074000000,
        "comprehensiveincomenetoftaxattributabletononcontrollinginterest": -9000000,
        "comprehensiveincomenetoftax": -3065000000
    },
    {
        "date": "2021-12-30",
        "symbol": "F",
        "period": "Q4",
        "revenuefromcontractwithcustomerexcludingassessedtax": -50075000000,
        "costofgoodsandservicessold": 32393000000,
        "sellinggeneralandadministrativeexpense": 3248000000,
        "othercostandexpenseoperating": 1298000000,
        "costsandexpenses": 36939000000,
        "operatingincomeloss": 739000000,
        "nonoperatingincomeexpense": 10850000000,
        "incomelossfromequitymethodinvestments": 33000000,
        "incomelossfromcontinuingoperationsbeforeincometaxesextraordinaryitemsnoncontrollinginterest": 10547000000,
        "incometaxexpensebenefit": -1055000000,
        "profitloss": -3271000000,
        "netincomelossavailabletocommonstockholdersbasic": 12282000000,
        "earningspersharebasic": 3.0700000000000003,
        "earningspersharediluted": 3.05,
        "weightedaveragenumberofsharesoutstandingbasic": -7976000000,
        "weightedaveragenumberofdilutedsharesoutstanding": -8046000000,
        "othercomprehensiveincomelossforeigncurrencytransactionandtranslationadjustmentnetoftax": 66000000,
        "othercomprehensiveincomelossavailableforsalesecuritiesadjustmentnetoftax": -77000000,
        "othercomprehensiveincomelosspensionandotherpostretirementbenefitplansadjustmentnetoftax": 0,
        "othercomprehensiveincomelossnetoftax": 55000000,
        "comprehensiveincomenetoftaxincludingportionattributabletononcontrollinginterest": 12181000000,
        "comprehensiveincomenetoftax": 12188000000
    },
    {
        "date": "2021-09-29",
        "symbol": "F",
        "period": "Q3",
        "revenuefromcontractwithcustomerexcludingassessedtax": 2434000000,
        "costofgoodsandservicessold": 30057000000,
        "sellinggeneralandadministrativeexpense": 2947000000,
        "othercostandexpenseoperating": 1337000000,
        "costsandexpenses": 34341000000,
        "operatingincomeloss": 1342000000,
        "interestexpenseother": 439000000,
        "nonoperatingincomeexpense": 852000000,
        "incomelossfromequitymethodinvestments": -4000000,
        "incomelossfromcontinuingoperationsbeforeincometaxesextraordinaryitemsnoncontrollinginterest": -669000000,
        "incometaxexpensebenefit": 63000000,
        "profitloss": -10000000,
        "netincomelossattributabletononcontrollinginterest": -10000000,
        "netincomelossavailabletocommonstockholdersbasic": 1832000000,
        "earningspersharebasic": 0.46,
        "earningspersharediluted": 0.45,
        "weightedaveragenumberofsharesoutstandingbasic": 3995000000,
        "weightedaveragenumberofdilutedsharesoutstanding": 4036000000,
        "othercomprehensiveincomelossforeigncurrencytransactionandtranslationadjustmentnetoftax": -302000000,
        "othercomprehensiveincomelossavailableforsalesecuritiesadjustmentnetoftax": -23000000,
        "othercomprehensiveincomelosscashflowhedgegainlossafterreclassificationandtax": 343000000,
        "othercomprehensiveincomelosspensionandotherpostretirementbenefitplansadjustmentnetoftax": -5000000,
        "othercomprehensiveincomelossnetoftax": 23000000,
        "comprehensiveincomenetoftaxincludingportionattributabletononcontrollinginterest": 1845000000,
        "comprehensiveincomenetoftaxattributabletononcontrollinginterest": -10000000,
        "comprehensiveincomenetoftax": 1855000000
    },
    {
        "date": "2021-06-29",
        "symbol": "F",
        "period": "Q2",
        "revenuefromcontractwithcustomerexcludingassessedtax": 24149000000,
        "costofgoodsandservicessold": 22904000000,
        "sellinggeneralandadministrativeexpense": 2877000000,
        "othercostandexpenseoperating": 993000000,
        "costsandexpenses": 26774000000,
        "operatingincomeloss": -22000000,
        "interestexpense": 453000000,
        "nonoperatingincomeexpense": 1159000000,
        "incomelossfromequitymethodinvestments": -2000000,
        "incomelossfromcontinuingoperationsbeforeincometaxesextraordinaryitemsnoncontrollinginterest": 106000000,
        "incometaxexpensebenefit": 182000000,
        "profitloss": -8000000,
        "netincomelossattributabletononcontrollinginterest": -8000000,
        "netincomelossavailabletocommonstockholdersbasic": 561000000,
        "earningspersharebasic": 0.14,
        "earningspersharediluted": 0.14,
        "weightedaveragenumberofsharesoutstandingbasic": 3992000000,
        "weightedaveragenumberofdilutedsharesoutstanding": 4028000000,
        "othercomprehensiveincomelossforeigncurrencytransactionandtranslationadjustmentnetoftax": -10000000,
        "othercomprehensiveincomelossavailableforsalesecuritiesadjustmentnetoftax": -10000000,
        "othercomprehensiveincomelossderivativesqualifyingashedgesnetoftax": 112000000,
        "othercomprehensiveincomelosspensionandotherpostretirementbenefitplansadjustmentnetoftax": -12000000,
        "othercomprehensiveincomelossnetoftax": 2000000,
        "comprehensiveincomenetoftaxincludingportionattributabletononcontrollinginterest": 657000000,
        "comprehensiveincomenetoftaxattributabletononcontrollinginterest": -6000000,
        "comprehensiveincomenetoftax": 663000000
    },
    {
        "date": "2021-03-30",
        "symbol": "F",
        "period": "Q1",
        "revenuefromcontractwithcustomerexcludingassessedtax": 33565000000,
        "costofgoodsandservicessold": 29297000000,
        "sellinggeneralandadministrativeexpense": 2843000000,
        "othercostandexpenseoperating": 1624000000,
        "costsandexpenses": 33764000000,
        "operatingincomeloss": 2464000000,
        "interestexpense": 473000000,
        "nonoperatingincomeexpense": 1872000000,
        "incomelossfromequitymethodinvestments": -42000000,
        "incomelossfromcontinuingoperationsbeforeincometaxesextraordinaryitemsnoncontrollinginterest": -401000000,
        "incometaxexpensebenefit": 680000000,
        "profitloss": 3262000000,
        "netincomelossavailabletocommonstockholdersbasic": 3262000000,
        "earningspersharebasic": 0.82,
        "earningspersharediluted": 0.81,
        "weightedaveragenumberofsharesoutstandingbasic": 3980000000,
        "weightedaveragenumberofdilutedsharesoutstanding": 4016000000,
        "othercomprehensiveincomelossforeigncurrencytransactionandtranslationadjustmentnetoftax": 289000000,
        "othercomprehensiveincomelossavailableforsalesecuritiesadjustmentnetoftax": -65000000,
        "othercomprehensiveincomelossderivativesqualifyingashedgesnetoftax": -301000000,
        "othercomprehensiveincomelosspensionandotherpostretirementbenefitplansadjustmentnetoftax": -1000000,
        "othercomprehensiveincomelossnetoftax": -76000000,
        "comprehensiveincomenetoftaxincludingportionattributabletononcontrollinginterest": 3186000000,
        "comprehensiveincomenetoftax": 3186000000
    },
    {
        "date": "2020-12-30",
        "symbol": "F",
        "period": "Q4",
        "costofgoodsandservicessold": 33075000000,
        "sellinggeneralandadministrativeexpense": 3530000000,
        "othercostandexpenseoperating": 1789000000,
        "costsandexpenses": 38394000000,
        "operatingincomeloss": -2442000000,
        "nonoperatingincomeexpense": -944000000,
        "incomelossfromequitymethodinvestments": 45000000,
        "incomelossfromcontinuingoperationsbeforeincometaxesextraordinaryitemsnoncontrollinginterest": -3919000000,
        "incometaxexpensebenefit": -1019000000,
        "profitloss": 711000000,
        "netincomelossavailabletocommonstockholdersbasic": -2788000000,
        "earningspersharebasic": -0.7,
        "earningspersharediluted": -0.7,
        "weightedaveragenumberofsharesoutstandingbasic": -7941000000,
        "weightedaveragenumberofdilutedsharesoutstanding": -7987000000,
        "othercomprehensiveincomelossforeigncurrencytransactionandtranslationadjustmentnetoftax": 724000000,
        "othercomprehensiveincomelossavailableforsalesecuritiesadjustmentnetoftax": -11000000,
        "othercomprehensiveincomelossderivativesqualifyingashedgesnetoftax": -375000000,
        "othercomprehensiveincomelosspensionandotherpostretirementbenefitplansadjustmentnetoftax": 19000000,
        "othercomprehensiveincomelossnetoftax": 177000000,
        "comprehensiveincomenetoftaxincludingportionattributabletononcontrollinginterest": -2472000000,
        "comprehensiveincomenetoftax": -2469000000
    },
    {
        "date": "2020-09-29",
        "symbol": "F",
        "period": "Q3",
        "revenuefromcontractwithcustomerincludingassessedtax": 20000000,
        "revenues": 2774000000,
        "costofgoodsandservicessold": 31223000000,
        "sellinggeneralandadministrativeexpense": 2266000000,
        "othercostandexpenseoperating": 1661000000,
        "costsandexpenses": 35150000000,
        "operatingincomeloss": 2351000000,
        "interestexpense": 11000000,
        "nonoperatingincomeexpense": 845000000,
        "incomelossfromequitymethodinvestments": -3000000,
        "incomelossfromcontinuingoperationsbeforeincometaxesextraordinaryitemsnoncontrollinginterest": -390000000,
        "incometaxexpensebenefit": 366000000,
        "profitloss": 5000000,
        "netincomelossattributabletononcontrollinginterest": 5000000,
        "netincomelossavailabletocommonstockholdersbasic": 2385000000,
        "earningspersharebasic": 0.6,
        "earningspersharediluted": 0.6,
        "weightedaveragenumberofsharesoutstandingbasic": 3976000000,
        "weightedaveragenumberofdilutedsharesoutstanding": 4005000000,
        "othercomprehensiveincomelossforeigncurrencytransactionandtranslationadjustmentnetoftax": -70000000,
        "othercomprehensiveincomelossavailableforsalesecuritiesadjustmentnetoftax": -17000000,
        "othercomprehensiveincomelossderivativesqualifyingashedgesnetoftax": -71000000,
        "othercomprehensiveincomelosspensionandotherpostretirementbenefitplansadjustmentnetoftax": -15000000,
        "othercomprehensiveincomelossnetoftax": -1000000,
        "comprehensiveincomenetoftaxincludingportionattributabletononcontrollinginterest": 2247000000,
        "comprehensiveincomenetoftaxattributabletononcontrollinginterest": 4000000,
        "comprehensiveincomenetoftax": 2243000000
    },
    {
        "date": "2020-06-29",
        "symbol": "F",
        "period": "Q2",
        "revenuefromcontractwithcustomerincludingassessedtax": 10000000,
        "revenues": 2739000000,
        "costofgoodsandservicessold": 17932000000,
        "sellinggeneralandadministrativeexpense": 1965000000,
        "othercostandexpenseoperating": 2233000000,
        "costsandexpenses": 22130000000,
        "operatingincomeloss": -2759000000,
        "interestexpense": 11000000,
        "nonoperatingincomeexpense": 4318000000,
        "incomelossfromequitymethodinvestments": -6000000,
        "incomelossfromcontinuingoperationsbeforeincometaxesextraordinaryitemsnoncontrollinginterest": 3480000000,
        "incometaxexpensebenefit": -34000000,
        "profitloss": 1000000,
        "netincomelossattributabletononcontrollinginterest": 1000000,
        "netincomelossavailabletocommonstockholdersbasic": 1117000000,
        "earningspersharebasic": 0.28,
        "earningspersharediluted": 0.28,
        "weightedaveragenumberofsharesoutstandingbasic": 3975000000,
        "weightedaveragenumberofdilutedsharesoutstanding": 3992000000,
        "othercomprehensiveincomelossforeigncurrencytransactionandtranslationadjustmentnetoftax": -102000000,
        "othercomprehensiveincomelossavailableforsalesecuritiesadjustmentnetoftax": 99000000,
        "othercomprehensiveincomelossderivativesqualifyingashedgesnetoftax": -24000000,
        "othercomprehensiveincomelosspensionandotherpostretirementbenefitplansadjustmentnetoftax": -17000000,
        "othercomprehensiveincomelossnetoftax": -10000000,
        "comprehensiveincomenetoftaxincludingportionattributabletononcontrollinginterest": 1108000000,
        "comprehensiveincomenetoftaxattributabletononcontrollinginterest": 1000000,
        "comprehensiveincomenetoftax": 1107000000
    },
    {
        "date": "2020-03-30",
        "symbol": "F",
        "period": "Q1",
        "revenuefromcontractwithcustomerincludingassessedtax": 13000000,
        "revenues": 2967000000,
        "costofgoodsandservicessold": 30522000000,
        "sellinggeneralandadministrativeexpense": 2432000000,
        "othercostandexpenseoperating": 2924000000,
        "costsandexpenses": 35878000000,
        "operatingincomeloss": -1558000000,
        "interestexpense": 13000000,
        "nonoperatingincomeexpense": 680000000,
        "incomelossfromequitymethodinvestments": 6000000,
        "incomelossfromcontinuingoperationsbeforeincometaxesextraordinaryitemsnoncontrollinginterest": -287000000,
        "incometaxexpensebenefit": 847000000,
        "profitloss": -1993000000,
        "netincomelossavailabletocommonstockholdersbasic": -1993000000,
        "earningspersharebasic": -0.5,
        "earningspersharediluted": -0.5,
        "weightedaveragenumberofsharesoutstandingbasic": 3963000000,
        "weightedaveragenumberofdilutedsharesoutstanding": 3963000000,
        "othercomprehensiveincomelossforeigncurrencytransactionandtranslationadjustmentnetoftax": -1453000000,
        "othercomprehensiveincomelossavailableforsalesecuritiesadjustmentnetoftax": 14000000,
        "othercomprehensiveincomelossderivativesqualifyingashedgesnetoftax": 692000000,
        "othercomprehensiveincomelosspensionandotherpostretirementbenefitplansadjustmentnetoftax": -14000000,
        "othercomprehensiveincomelossnetoftax": -733000000,
        "comprehensiveincomenetoftaxincludingportionattributabletononcontrollinginterest": -2726000000,
        "comprehensiveincomenetoftax": -2726000000
    },
    {
        "date": "2019-09-29",
        "symbol": "F",
        "period": "Q3",
        "revenuefromcontractwithcustomerincludingassessedtax": 33931000000,
        "revenues": 36990000000,
        "costofgoodsandservicessold": 32282000000,
        "sellinggeneralandadministrativeexpense": 2601000000,
        "othercostandexpenseoperating": 2368000000,
        "costsandexpenses": 37251000000,
        "operatingincomeloss": -261000000,
        "interestexpense": 262000000,
        "nonoperatingincomeexpense": 534000000,
        "incomelossfromequitymethodinvestments": -16000000,
        "incomelossfromcontinuingoperationsbeforeincometaxesextraordinaryitemsnoncontrollinginterest": -19000000,
        "incometaxexpensebenefit": -442000000,
        "profitloss": 423000000,
        "netincomelossattributabletononcontrollinginterest": -2000000,
        "netincomelossavailabletocommonstockholdersbasic": 425000000,
        "earningspersharebasic": 0.11,
        "earningspersharediluted": 0.11,
        "weightedaveragenumberofsharesoutstandingbasic": 3970000000,
        "weightedaveragenumberofdilutedsharesoutstanding": 4007000000,
        "othercomprehensiveincomelossforeigncurrencytransactionandtranslationadjustmentnetoftax": -360000000,
        "othercomprehensiveincomelossavailableforsalesecuritiesadjustmentnetoftax": 8000000,
        "othercomprehensiveincomelossderivativesqualifyingashedgesnetoftax": -69000000,
        "othercomprehensiveincomelosspensionandotherpostretirementbenefitplansadjustmentnetoftax": -15000000,
        "othercomprehensiveincomelossnetoftax": -406000000,
        "comprehensiveincomenetoftaxincludingportionattributabletononcontrollinginterest": 17000000,
        "comprehensiveincomenetoftaxattributabletononcontrollinginterest": -2000000,
        "comprehensiveincomenetoftax": 19000000
    },
    {
        "date": "2019-06-29",
        "symbol": "F",
        "period": "Q2",
        "revenuefromcontractwithcustomerincludingassessedtax": 35758000000,
        "revenues": 38853000000,
        "costofgoodsandservicessold": 33657000000,
        "sellinggeneralandadministrativeexpense": 2725000000,
        "othercostandexpenseoperating": 2381000000,
        "costsandexpenses": 38763000000,
        "interestexpense": 230000000,
        "nonoperatingincomeexpense": 272000000,
        "incomelossfromequitymethodinvestments": 87000000,
        "incomelossfromcontinuingoperationsbeforeincometaxesextraordinaryitemsnoncontrollinginterest": 205000000,
        "incometaxexpensebenefit": 55000000,
        "profitloss": 150000000,
        "netincomelossattributabletononcontrollinginterest": 2000000,
        "netincomelossavailabletocommonstockholdersbasic": 148000000,
        "earningspersharebasic": 0.04,
        "earningspersharediluted": 0.04,
        "weightedaveragenumberofsharesoutstandingbasic": 3984000000,
        "weightedaveragenumberofdilutedsharesoutstanding": 4013000000,
        "othercomprehensiveincomelossforeigncurrencytransactionandtranslationadjustmentnetoftax": -127000000,
        "othercomprehensiveincomelossavailableforsalesecuritiesadjustmentnetoftax": 59000000,
        "othercomprehensiveincomelossderivativesqualifyingashedgesnetoftax": 117000000,
        "othercomprehensiveincomelosspensionandotherpostretirementbenefitplansadjustmentnetoftax": -16000000,
        "othercomprehensiveincomelossnetoftax": 65000000,
        "comprehensiveincomenetoftaxincludingportionattributabletononcontrollinginterest": 215000000,
        "comprehensiveincomenetoftaxattributabletononcontrollinginterest": 2000000,
        "comprehensiveincomenetoftax": 213000000
    },
    {
        "date": "2018-09-29",
        "symbol": "F",
        "period": "Q3",
        "salesrevenuenet": 8000000,
        "financialservicesrevenue": 2998000000,
        "revenues": 8000000,
        "costofgoodsandservicessold": 31568000000,
        "sellinggeneralandadministrativeexpense": 2882000000,
        "financialservicescosts": 2352000000,
        "costsandexpenses": 36802000000,
        "interestexpense": 15000000,
        "nonoperatingincomeexpense": 605000000,
        "incomelossfromequitymethodinvestments": 8000000,
        "incomelossfromcontinuingoperationsbeforeincometaxesextraordinaryitemsnoncontrollinginterest": -196000000,
        "incometaxexpensebenefit": 101000000,
        "profitloss": 993000000,
        "netincomelossattributabletononcontrollinginterest": 2000000,
        "netincomelossavailabletocommonstockholdersbasic": 991000000,
        "earningspersharebasic": 0.25,
        "earningspersharediluted": 0.25,
        "commonstockdividendspersharedeclared": 0.15,
        "othercomprehensiveincomelossforeigncurrencytransactionandtranslationadjustmentnetoftax": -134000000,
        "othercomprehensiveincomelossavailableforsalesecuritiesadjustmentnetoftax": -2000000,
        "othercomprehensiveincomelossderivativesqualifyingashedgesnetoftax": -103000000,
        "othercomprehensiveincomelosspensionandotherpostretirementbenefitplansadjustmentnetoftax": -13000000,
        "othercomprehensiveincomelossnetoftax": -226000000,
        "comprehensiveincomenetoftaxincludingportionattributabletononcontrollinginterest": 767000000,
        "comprehensiveincomenetoftaxattributabletononcontrollinginterest": 1000000,
        "comprehensiveincomenetoftax": 766000000
    },
    {
        "date": "2018-06-29",
        "symbol": "F",
        "period": "Q2",
        "salesrevenuenet": 6000000,
        "financialservicesrevenue": 3009000000,
        "revenues": 6000000,
        "costofgoodsandservicessold": 33194000000,
        "sellinggeneralandadministrativeexpense": 2778000000,
        "financialservicescosts": 2362000000,
        "costsandexpenses": 38334000000,
        "interestexpense": 14000000,
        "nonoperatingincomeexpense": 1004000000,
        "incomelossfromequitymethodinvestments": 6000000,
        "incomelossfromcontinuingoperationsbeforeincometaxesextraordinaryitemsnoncontrollinginterest": -181000000,
        "incometaxexpensebenefit": 280000000,
        "profitloss": 1069000000,
        "netincomelossattributabletononcontrollinginterest": 3000000,
        "netincomelossavailabletocommonstockholdersbasic": 1066000000,
        "earningspersharebasic": 0.27,
        "earningspersharediluted": 0.27,
        "commonstockdividendspersharedeclared": 0.15,
        "othercomprehensiveincomelossforeigncurrencytransactionandtranslationadjustmentnetoftax": -595000000,
        "othercomprehensiveincomelossavailableforsalesecuritiesadjustmentnetoftax": -8000000,
        "othercomprehensiveincomelossderivativesqualifyingashedgesnetoftax": 52000000,
        "othercomprehensiveincomelosspensionandotherpostretirementbenefitplansadjustmentnetoftax": -17000000,
        "othercomprehensiveincomelossnetoftax": -534000000,
        "comprehensiveincomenetoftaxincludingportionattributabletononcontrollinginterest": 535000000,
        "comprehensiveincomenetoftaxattributabletononcontrollinginterest": 4000000,
        "comprehensiveincomenetoftax": 531000000
    },
    {
        "date": "2017-09-29",
        "symbol": "F",
        "period": "Q3",
        "salesrevenuenet": 3000000,
        "financialservicesrevenue": 93000000,
        "revenues": 3000000,
        "costofgoodsandservicessold": -248000000,
        "sellinggeneralandadministrativeexpense": 2919000000,
        "financialservicescosts": 2273000000,
        "costsandexpenses": 35480000000,
        "interestexpense": 19000000,
        "nonoperatingincomeexpense": 45000000,
        "incomelossfromequitymethodinvestments": 1000000,
        "incomelossfromcontinuingoperationsbeforeincometaxesextraordinaryitemsnoncontrollinginterest": -278000000,
        "incometaxexpensebenefit": -8000000,
        "profitloss": -36000000,
        "netincomelossattributabletononcontrollinginterest": 7000000,
        "netincomelossavailabletocommonstockholdersbasic": 1564000000,
        "earningspersharebasic": 0.39,
        "earningspersharediluted": 0.39,
        "commonstockdividendspersharedeclared": 0.15,
        "othercomprehensiveincomelossforeigncurrencytransactionandtranslationadjustmentnetoftax": 102000000,
        "othercomprehensiveincomelossavailableforsalesecuritiesadjustmentnetoftax": -1000000,
        "othercomprehensiveincomelossderivativesqualifyingashedgesnetoftax": -171000000,
        "othercomprehensiveincomelosspensionandotherpostretirementbenefitplansadjustmentnetoftax": -27000000,
        "othercomprehensiveincomelossnetoftax": -43000000,
        "comprehensiveincomenetoftaxincludingportionattributabletononcontrollinginterest": 1528000000,
        "comprehensiveincomenetoftaxattributabletononcontrollinginterest": 7000000,
        "comprehensiveincomenetoftax": 1521000000
    },
    {
        "date": "2017-06-29",
        "symbol": "F",
        "period": "Q2",
        "salesrevenuenet": 2000000,
        "financialservicesrevenue": 97000000,
        "revenues": 2000000,
        "costofgoodsandservicessold": 165000000,
        "sellinggeneralandadministrativeexpense": 2756000000,
        "financialservicescosts": 2217000000,
        "costsandexpenses": 38322000000,
        "interestexpense": 11000000,
        "nonoperatingincomeexpense": 74000000,
        "incomelossfromequitymethodinvestments": -1000000,
        "incomelossfromcontinuingoperationsbeforeincometaxesextraordinaryitemsnoncontrollinginterest": -287000000,
        "incometaxexpensebenefit": 5000000,
        "profitloss": 13000000,
        "netincomelossattributabletononcontrollinginterest": 8000000,
        "netincomelossavailabletocommonstockholdersbasic": 2042000000,
        "earningspersharebasic": 0.51,
        "earningspersharediluted": 0.51,
        "commonstockdividendspersharedeclared": 0.15,
        "othercomprehensiveincomelossforeigncurrencytransactionandtranslationadjustmentnetoftax": 84000000,
        "othercomprehensiveincomelossavailableforsalesecuritiesadjustmentnetoftax": 4000000,
        "othercomprehensiveincomelossderivativesqualifyingashedgesnetoftax": 137000000,
        "othercomprehensiveincomelosspensionandotherpostretirementbenefitplansadjustmentnetoftax": 12000000,
        "othercomprehensiveincomelossnetoftax": 213000000,
        "comprehensiveincomenetoftaxincludingportionattributabletononcontrollinginterest": 2263000000,
        "comprehensiveincomenetoftaxattributabletononcontrollinginterest": 8000000,
        "comprehensiveincomenetoftax": 2255000000
    },
    {
        "date": "2014-09-29",
        "symbol": "F",
        "period": "Q3",
        "salesrevenuenet": 2581000000,
        "financialservicesrevenue": 2214000000,
        "revenues": 34920000000,
        "costofgoodsandservicessold": 30197000000,
        "sellinggeneralandadministrativeexpense": 2489000000,
        "operatingcostsandotherexpenses": 32686000000,
        "interestexpense": 673000000,
        "operatingleasesincomestatementdepreciationexpenseonpropertysubjecttoorheldforlease": 808000000,
        "operatingexpenses": 187000000,
        "provisionforcreditandinsurancelosses": 74000000,
        "costsandexpenses": 1742000000,
        "interestincomeandotherincomelossnet": 255000000,
        "otherincomelossnet": 90000000,
        "incomelossfromequitymethodinvestments": 382000000,
        "incomelossfromcontinuingoperationsbeforeincometaxesextraordinaryitemsnoncontrollinginterest": 44000000,
        "incometaxexpensebenefit": 188000000,
        "profitloss": 833000000,
        "netincomelossattributabletononcontrollinginterest": -2000000,
        "netincomeloss": 835000000,
        "earningspersharebasic": 0.22,
        "earningspersharediluted": 0.21,
        "commonstockdividendspersharedeclared": 0.125,
        "othercomprehensiveincomelossforeigncurrencytransactionandtranslationadjustmentnetoftax": -550000000,
        "othercomprehensiveincomelossderivativesqualifyingashedgesnetoftax": -48000000,
        "othercomprehensiveincomelosspensionandotherpostretirementbenefitplansadjustmentnetoftax": 540000000,
        "othercomprehensiveincomelossnetoftax": -58000000,
        "comprehensiveincomenetoftaxincludingportionattributabletononcontrollinginterest": 775000000,
        "comprehensiveincomenetoftaxattributabletononcontrollinginterest": -2000000,
        "comprehensiveincomenetoftax": 777000000
    },
    {
        "date": "2014-06-29",
        "symbol": "F",
        "period": "Q2",
        "salesrevenuenet": 21108000000,
        "financialservicesrevenue": 2137000000,
        "revenues": 37411000000,
        "costofgoodsandservicessold": 31247000000,
        "otherincomelossnet": 87000000,
        "sellinggeneralandadministrativeexpense": 2551000000,
        "interestexpense": 207000000,
        "provisionforcreditandinsurancelosses": 104000000,
        "operatingcostsandotherexpenses": 33798000000,
        "operatingleasesincomestatementdepreciationexpenseonpropertysubjecttoorheldforlease": 742000000,
        "operatingexpenses": 183000000,
        "costsandexpenses": 1712000000,
        "interestincomeandotherincomelossnet": 270000000,
        "incomelossfromequitymethodinvestments": 59000000,
        "incomelossfromcontinuingoperationsbeforeincometaxesextraordinaryitemsnoncontrollinginterest": 159000000,
        "incometaxexpensebenefit": 803000000,
        "profitloss": 1315000000,
        "netincomelossattributabletononcontrollinginterest": 4000000,
        "netincomeloss": 1311000000,
        "earningspersharebasic": 0.33,
        "earningspersharediluted": 0.32,
        "commonstockdividendspersharedeclared": 0.125,
        "othercomprehensiveincomelossforeigncurrencytransactionandtranslationadjustmentnetoftax": 317000000,
        "othercomprehensiveincomelossderivativesqualifyingashedgesnetoftax": -287000000,
        "othercomprehensiveincomelosspensionandotherpostretirementbenefitplansadjustmentnetoftax": 53000000,
        "othercomprehensiveincomelossnetoftax": 83000000,
        "comprehensiveincomenetoftaxincludingportionattributabletononcontrollinginterest": 1398000000,
        "comprehensiveincomenetoftaxattributabletononcontrollinginterest": 4000000,
        "comprehensiveincomenetoftax": 1394000000
    },
    {
        "date": "2013-09-29",
        "symbol": "F",
        "period": "Q3",
        "salesrevenuenet": 2818000000,
        "financialservicesrevenue": 45000000,
        "revenues": 35976000000,
        "costofgoodsandservicessold": 30030000000,
        "sellinggeneralandadministrativeexpense": 2382000000,
        "interestexpense": 138000000,
        "provisionforcreditandinsurancelosses": 46000000,
        "operatingcostsandotherexpenses": 32412000000,
        "operatingleasesincomestatementdepreciationexpenseonpropertysubjecttoorheldforlease": 833000000,
        "operatingexpenses": 221000000,
        "costsandexpenses": 1862000000,
        "interestincomeandotherincomelossnet": 200000000,
        "otherincomelossnet": 100000000,
        "incomelossfromequitymethodinvestments": 6000000,
        "incomelossfromcontinuingoperationsbeforeincometaxesextraordinaryitemsnoncontrollinginterest": -228000000,
        "incometaxexpensebenefit": 818000000,
        "profitloss": 1273000000,
        "netincomelossattributabletononcontrollinginterest": 1000000,
        "netincomeloss": 1272000000,
        "earningspersharebasic": 0.32,
        "earningspersharediluted": 0.31,
        "commonstockdividendspersharedeclared": 0.1,
        "othercomprehensiveincomelossforeigncurrencytransactionandtranslationadjustmentnetoftax": 314000000,
        "othercomprehensiveincomelossderivativesqualifyingashedgesnetoftax": -95000000,
        "othercomprehensiveincomelosspensionandotherpostretirementbenefitplansadjustmentnetoftax": -109000000,
        "othercomprehensiveincomelossnetoftax": 328000000,
        "comprehensiveincomenetoftaxincludingportionattributabletononcontrollinginterest": 1601000000,
        "comprehensiveincomenetoftaxattributabletononcontrollinginterest": 1000000,
        "comprehensiveincomenetoftax": 1600000000
    },
    {
        "date": "2013-06-29",
        "symbol": "F",
        "period": "Q2",
        "salesrevenuenet": 3014000000,
        "financialservicesrevenue": 53000000,
        "revenues": 38095000000,
        "costofgoodsandservicessold": 32524000000,
        "sellinggeneralandadministrativeexpense": 2488000000,
        "interestexpense": 145000000,
        "provisionforcreditandinsurancelosses": 53000000,
        "operatingcostsandotherexpenses": 35012000000,
        "operatingleasesincomestatementdepreciationexpenseonpropertysubjecttoorheldforlease": 730000000,
        "operatingexpenses": 157000000,
        "costsandexpenses": 1645000000,
        "interestincomeandotherincomelossnet": 241000000,
        "otherincomelossnet": 74000000,
        "incomelossfromequitymethodinvestments": 6000000,
        "incomelossfromcontinuingoperationsbeforeincometaxesextraordinaryitemsnoncontrollinginterest": 454000000,
        "incometaxexpensebenefit": 585000000,
        "profitloss": 1234000000,
        "netincomelossattributabletononcontrollinginterest": 1000000,
        "netincomeloss": 1233000000,
        "earningspersharebasic": 0.31,
        "earningspersharediluted": 0.3,
        "commonstockdividendspersharedeclared": 0.1,
        "othercomprehensiveincomelossforeigncurrencytransactionandtranslationadjustmentnetoftax": -433000000,
        "othercomprehensiveincomelossderivativesqualifyingashedgesnetoftax": 189000000,
        "othercomprehensiveincomelosspensionandotherpostretirementbenefitplansadjustmentnetoftax": -940000000,
        "othercomprehensiveincomelossnetoftax": 696000000,
        "comprehensiveincomenetoftaxincludingportionattributabletononcontrollinginterest": 1930000000,
        "comprehensiveincomenetoftaxattributabletononcontrollinginterest": 1000000,
        "comprehensiveincomenetoftax": 1929000000
    },
    {
        "date": "2012-09-29",
        "symbol": "F",
        "period": "Q3",
        "salesrevenuenet": 19438000000,
        "financialservicesrevenue": 1861000000,
        "revenues": 32172000000,
        "costofgoodsandservicessold": 26543000000,
        "sellinggeneralandadministrativeexpense": 2092000000,
        "interestexpense": 172000000,
        "provisionforcreditandinsurancelosses": 57000000,
        "operatingcostsandotherexpenses": 28635000000,
        "depreciationnonproduction": 653000000,
        "operatingexpenses": 164000000,
        "costsandexpenses": 1638000000,
        "interestincomeandotherincomelossnet": 320000000,
        "otherincomelossnet": 96000000,
        "incomelossfromequitymethodinvestments": 124000000,
        "incomelossfromcontinuingoperationsbeforeincometaxesextraordinaryitemsnoncontrollinginterest": 2328000000,
        "incometaxexpensebenefit": 613000000,
        "profitloss": 1633000000,
        "netincomelossattributabletononcontrollinginterest": 2000000,
        "netincomeloss": 1631000000,
        "earningspersharebasic": 0.43,
        "earningspersharediluted": 0.41,
        "commonstockdividendspersharedeclared": 0.05,
        "othercomprehensiveincomelossforeigncurrencytransactionandtranslationadjustmentnetoftax": 440000000,
        "othercomprehensiveincomelossderivativesqualifyingashedgesnetoftax": 1000000,
        "othercomprehensiveincomelosspensionandotherpostretirementbenefitplansadjustmentnetoftax": 54000000,
        "othercomprehensiveincomelossnetoftax": 387000000,
        "comprehensiveincomenetoftaxincludingportionattributabletononcontrollinginterest": 2020000000,
        "comprehensiveincomenetoftaxattributabletononcontrollinginterest": 2000000,
        "comprehensiveincomenetoftax": 2018000000
    },
    {
        "date": "2012-06-29",
        "symbol": "F",
        "period": "Q2",
        "salesrevenuenet": 2351000000,
        "financialservicesrevenue": 1815000000,
        "revenues": 33211000000,
        "costofgoodsandservicessold": 27769000000,
        "sellinggeneralandadministrativeexpense": 2233000000,
        "interestexpense": 201000000,
        "provisionforcreditandinsurancelosses": -20000000,
        "operatingcostsandotherexpenses": 30002000000,
        "depreciationnonproduction": 599000000,
        "operatingexpenses": 147000000,
        "costsandexpenses": 1524000000,
        "operatingincomeloss": 1326000000,
        "interestincomeandothernonoperatingincomeexpensenet": -85000000,
        "otherincomelossnet": 82000000,
        "incomelossfromequitymethodinvestments": 95000000,
        "incomelossfromcontinuingoperationsbeforeincometaxesextraordinaryitemsnoncontrollinginterest": 438000000,
        "incometaxexpensebenefit": 557000000,
        "profitloss": 1038000000,
        "netincomelossattributabletononcontrollinginterest": -2000000,
        "netincomeloss": 1040000000,
        "earningspersharebasic": 0.27,
        "earningspersharediluted": 0.26,
        "othercomprehensiveincomelossforeigncurrencytransactionandtranslationadjustmentnetoftax": -778000000,
        "othercomprehensiveincomelossderivativesqualifyingashedgesnetoftax": -89000000,
        "othercomprehensiveincomelosspensionandotherpostretirementbenefitplansadjustmentnetoftax": -253000000,
        "othercomprehensiveincomelossnetoftax": -614000000,
        "comprehensiveincomenetoftaxincludingportionattributabletononcontrollinginterest": 424000000,
        "comprehensiveincomenetoftaxattributabletononcontrollinginterest": -2000000,
        "comprehensiveincomenetoftax": 426000000
    },
    {
        "date": "2011-09-29",
        "symbol": "F",
        "period": "Q3",
        "salesrevenuenet": 17927000000,
        "financialservicesrevenue": 1918000000,
        "revenues": 33047000000,
        "costofgoodsandservicessold": 27617000000,
        "sellinggeneralandadministrativeexpense": 2202000000,
        "interestexpense": 248000000,
        "operatingcostsandotherexpenses": 29819000000,
        "depreciationnonproduction": 481000000,
        "operatingexpenses": 178000000,
        "provisionforcreditandinsurancelosses": 5000000,
        "costsandexpenses": 1579000000,
        "operatingincomeloss": 1224000000,
        "interestincomeandothernonoperatingincomeexpensenet": 98000000,
        "otherincomelossnet": 176000000,
        "incomelossfromequitymethodinvestments": 100000000,
        "incomelossfromcontinuingoperationsbeforeincometaxesextraordinaryitemsnoncontrollinginterest": -43000000,
        "incometaxexpensebenefit": 194000000,
        "incomelossfromcontinuingoperationsincludingportionattributabletononcontrollinginterest": 1652000000,
        "profitloss": 1649000000,
        "netincomelossattributabletononcontrollinginterest": 3000000,
        "netincomeloss": 1649000000,
        "incomelossfromcontinuingoperations": 1649000000,
        "incomelossfromcontinuingoperationsperbasicshare": 0.43,
        "earningspersharebasic": 0.43,
        "incomelossfromcontinuingoperationsperdilutedshare": 0.41,
        "earningspersharediluted": 0.41,
        "othercomprehensiveincomeforeigncurrencytransactionandtranslationadjustmentnetoftaxperiodincreasedecrease": -1317000000,
        "othercomprehensiveincomederivativesqualifyingashedgesnetoftaxperiodincreasedecrease": 43000000,
        "othercomprehensiveincomedefinedbenefitplansadjustmentnetoftaxperiodincreasedecrease": 241000000,
        "othercomprehensiveincomelossnetoftaxperiodincreasedecrease": -1033000000,
        "comprehensiveincomenetoftaxincludingportionattributabletononcontrollinginterest": 616000000,
        "comprehensiveincomenetoftaxattributabletononcontrollinginterest": 3000000,
        "comprehensiveincomenetoftax": 616000000
    },
    {
        "date": "2011-06-29",
        "symbol": "F",
        "period": "Q2",
        "salesrevenuenet": 19446000000,
        "financialservicesrevenue": 1967000000,
        "revenues": 35527000000,
        "costofgoodsandservicessold": 29253000000,
        "sellinggeneralandadministrativeexpense": 2345000000,
        "interestexpense": 261000000,
        "operatingcostsandotherexpenses": 31598000000,
        "depreciationnonproduction": 378000000,
        "operatingexpenses": 184000000,
        "provisionforcreditandinsurancelosses": 21000000,
        "costsandexpenses": 1508000000,
        "operatingincomeloss": 1878000000,
        "interestexpenseborrowings": 202000000,
        "interestincomeandothernonoperatingincomeexpensenet": 199000000,
        "otherincomelossnet": 53000000,
        "incomelossfromequitymethodinvestments": 6000000,
        "incomelossfromcontinuingoperationsbeforeincometaxesextraordinaryitemsnoncontrollinginterest": -2000000,
        "incometaxexpensebenefit": 206000000,
        "incomelossfromcontinuingoperationsincludingportionattributabletononcontrollinginterest": 2400000000,
        "profitloss": 2000000,
        "netincomelossattributabletononcontrollinginterest": 2000000,
        "netincomeloss": 2398000000,
        "incomelossfromcontinuingoperations": 2398000000,
        "incomelossfromcontinuingoperationsperbasicshare": 0.63,
        "earningspersharebasic": 0.63,
        "incomelossfromcontinuingoperationsperdilutedshare": 0.59,
        "earningspersharediluted": 0.59,
        "othercomprehensiveincomeforeigncurrencytransactionandtranslationadjustmentnetoftaxperiodincreasedecrease": 248000000,
        "othercomprehensiveincomederivativesqualifyingashedgesnetoftaxperiodincreasedecrease": 17000000,
        "othercomprehensiveincomedefinedbenefitplansadjustmentnetoftaxperiodincreasedecrease": 183000000,
        "othercomprehensiveincomelossnetoftaxperiodincreasedecrease": 448000000,
        "comprehensiveincomenetoftaxincludingportionattributabletononcontrollinginterest": 2000000,
        "comprehensiveincomenetoftaxattributabletononcontrollinginterest": 2000000,
        "comprehensiveincomenetoftax": 2846000000
    }
]