[
    {
        "date": "2024-11-01",
        "symbol": "DLTR",
        "period": "Q3",
        "revenuefromcontractwithcustomerexcludingassessedtax": 3223700000,
        "revenuenotfromcontractwithcustomer": 6500000,
        "revenues": 7568200000,
        "costofgoodsandservicessold": 5224300000,
        "sellinggeneralandadministrativeexpense": 2010500000,
        "operatingincomeloss": 333400000,
        "interestincomeexpensenonoperatingnet": -27500000,
        "othernonoperatingincomeexpense": -100000,
        "incomelossfromcontinuingoperationsbeforeincometaxesextraordinaryitemsnoncontrollinginterest": 305800000,
        "incometaxexpensebenefit": 72500000,
        "netincomeloss": 233300000,
        "earningspersharebasic": 1.09,
        "earningspersharediluted": 1.08,
        "weightedaveragenumberofsharesoutstandingbasic": 215000000,
        "weightedaveragenumberofdilutedsharesoutstanding": 215200000,
        "othercomprehensiveincomeforeigncurrencytransactionandtranslationadjustmentnetoftaxportionattributabletoparent": -5200000,
        "comprehensiveincomenetoftax": 228100000
    },
    {
        "date": "2024-08-02",
        "symbol": "DLTR",
        "period": "Q2",
        "revenuefromcontractwithcustomerexcludingassessedtax": -858400000,
        "revenuenotfromcontractwithcustomer": 6100000,
        "revenues": 7378800000,
        "costofgoodsandservicessold": 5158200000,
        "sellinggeneralandadministrativeexpense": 2017500000,
        "operatingincomeloss": 203100000,
        "interestincomeexpensenonoperatingnet": -28900000,
        "othernonoperatingincomeexpense": 0,
        "incomelossfromcontinuingoperationsbeforeincometaxesextraordinaryitemsnoncontrollinginterest": 174200000,
        "incometaxexpensebenefit": 41800000,
        "netincomeloss": 132400000,
        "earningspersharebasic": 0.6200000000000001,
        "earningspersharediluted": 0.6200000000000001,
        "weightedaveragenumberofsharesoutstandingbasic": 216400000,
        "weightedaveragenumberofdilutedsharesoutstanding": 216700000,
        "othercomprehensiveincomeforeigncurrencytransactionandtranslationadjustmentnetoftaxportionattributabletoparent": -3400000,
        "comprehensiveincomenetoftax": 129000000
    },
    {
        "date": "2024-05-03",
        "symbol": "DLTR",
        "period": "Q1",
        "revenuefromcontractwithcustomerexcludingassessedtax": 7626400000,
        "revenuenotfromcontractwithcustomer": 6400000,
        "revenues": 7632800000,
        "costofgoodsandservicessold": 5278700000,
        "sellinggeneralandadministrativeexpense": 1933500000,
        "operatingincomeloss": 420600000,
        "interestincomeexpensenonoperatingnet": -24400000,
        "othernonoperatingincomeexpense": -100000,
        "incomelossfromcontinuingoperationsbeforeincometaxesextraordinaryitemsnoncontrollinginterest": 396100000,
        "incometaxexpensebenefit": 96000000,
        "netincomeloss": 300100000,
        "earningspersharebasic": 1.38,
        "earningspersharediluted": 1.38,
        "weightedaveragenumberofsharesoutstandingbasic": 217800000,
        "weightedaveragenumberofdilutedsharesoutstanding": 218100000,
        "othercomprehensiveincomeforeigncurrencytransactionandtranslationadjustmentnetoftaxportionattributabletoparent": -2000000,
        "comprehensiveincomenetoftax": 298100000
    },
    {
        "date": "2024-02-02",
        "symbol": "DLTR",
        "period": "Q4",
        "revenuefromcontractwithcustomerexcludingassessedtax": 12564600000,
        "revenuenotfromcontractwithcustomer": 7000000,
        "revenues": 8639900000,
        "costofgoodsandservicessold": 5861400000,
        "sellinggeneralandadministrativeexpense": 3600500000,
        "operatingincomeloss": -1346500000,
        "interestincomeexpensenonoperatingnet": -26300000,
        "othernonoperatingincomeexpense": 100000,
        "incomelossfromcontinuingoperationsbeforeincometaxesextraordinaryitemsnoncontrollinginterest": -1917200000,
        "incometaxexpensebenefit": -207400000,
        "netincomeloss": -1709800000,
        "earningspersharebasic": -7.779999999999999,
        "earningspersharediluted": -7.779999999999999,
        "othercomprehensiveincomeforeigncurrencytransactionandtranslationadjustmentnetoftaxportionattributabletoparent": 3400000,
        "comprehensiveincomenetoftax": -1706400000
    },
    {
        "date": "2023-10-27",
        "symbol": "DLTR",
        "period": "Q3",
        "revenuefromcontractwithcustomerexcludingassessedtax": 7309100000,
        "revenuenotfromcontractwithcustomer": 5700000,
        "revenues": 7314800000,
        "costofgoodsandservicessold": 5136100000,
        "sellinggeneralandadministrativeexpense": 1877000000,
        "operatingincomeloss": 301700000,
        "interestincomeexpensenonoperatingnet": -30400000,
        "othernonoperatingincomeexpense": -200000,
        "incomelossfromcontinuingoperationsbeforeincometaxesextraordinaryitemsnoncontrollinginterest": 271100000,
        "incometaxexpensebenefit": 59100000,
        "netincomeloss": 212000000,
        "earningspersharebasic": 0.97,
        "earningspersharediluted": 0.97,
        "weightedaveragenumberofsharesoutstandingbasic": 218900000,
        "weightedaveragenumberofdilutedsharesoutstanding": 219200000,
        "othercomprehensiveincomeforeigncurrencytransactionandtranslationadjustmentnetoftaxportionattributabletoparent": -6900000,
        "comprehensiveincomenetoftax": 205100000
    },
    {
        "date": "2023-07-28",
        "symbol": "DLTR",
        "period": "Q2",
        "revenuefromcontractwithcustomerexcludingassessedtax": 7320100000,
        "revenuenotfromcontractwithcustomer": 5200000,
        "revenues": 7325300000,
        "costofgoodsandservicessold": 5185400000,
        "sellinggeneralandadministrativeexpense": 1852100000,
        "operatingincomeloss": 287800000,
        "interestincomeexpensenonoperatingnet": -24200000,
        "othernonoperatingincomeexpense": 100000,
        "incomelossfromcontinuingoperationsbeforeincometaxesextraordinaryitemsnoncontrollinginterest": 263700000,
        "incometaxexpensebenefit": 63300000,
        "netincomeloss": 200400000,
        "earningspersharebasic": 0.91,
        "earningspersharediluted": 0.91,
        "othercomprehensiveincomeforeigncurrencytransactionandtranslationadjustmentnetoftaxportionattributabletoparent": 3900000,
        "comprehensiveincomenetoftax": 204300000
    },
    {
        "date": "2023-04-28",
        "symbol": "DLTR",
        "period": "Q1",
        "revenuefromcontractwithcustomerexcludingassessedtax": 3387800000,
        "revenuenotfromcontractwithcustomer": 4300000,
        "revenues": 7323800000,
        "costofgoodsandservicessold": 5089100000,
        "sellinggeneralandadministrativeexpense": 1815000000,
        "operatingincomeloss": -124800000,
        "interestincomeexpensenonoperatingnet": -25900000,
        "othernonoperatingincomeexpense": -100000,
        "incomelossfromcontinuingoperationsbeforeincometaxesextraordinaryitemsnoncontrollinginterest": 393700000,
        "incometaxexpensebenefit": 94700000,
        "netincomeloss": 299000000,
        "earningspersharebasic": 1.35,
        "earningspersharediluted": 1.35,
        "othercomprehensiveincomeforeigncurrencytransactionandtranslationadjustmentnetoftaxportionattributabletoparent": -2800000,
        "comprehensiveincomenetoftax": 296200000
    },
    {
        "date": "2023-01-27",
        "symbol": "DLTR",
        "period": "Q4",
        "revenuefromcontractwithcustomerexcludingassessedtax": 3419500000,
        "revenuenotfromcontractwithcustomer": 4500000,
        "revenues": 7720700000,
        "costofgoodsandservicessold": 5330700000,
        "operatingincomeloss": -104600000,
        "interestincomeexpensenonoperatingnet": -28000000,
        "incomelossfromcontinuingoperationsbeforeincometaxesextraordinaryitemsnoncontrollinginterest": 590000000,
        "incometaxexpensebenefit": 137800000,
        "netincomeloss": 452200000,
        "earningspersharebasic": 2.05,
        "earningspersharediluted": 2.04,
        "othercomprehensiveincomeforeigncurrencytransactionandtranslationadjustmentnetoftaxportionattributabletoparent": 3400000.000000001,
        "comprehensiveincomenetoftax": 455600000.00000006
    },
    {
        "date": "2022-10-28",
        "symbol": "DLTR",
        "period": "Q3",
        "revenuefromcontractwithcustomerexcludingassessedtax": 3180500000,
        "revenuenotfromcontractwithcustomer": 3300000,
        "revenues": 6939900000,
        "costofgoodsandservicessold": 4865100000,
        "sellinggeneralandadministrativeexpense": 1693500000,
        "operatingincomeloss": -100000000,
        "interestincomeexpensenonoperatingnet": -32700000.000000004,
        "othernonoperatingincomeexpense": -200000,
        "incomelossfromcontinuingoperationsbeforeincometaxesextraordinaryitemsnoncontrollinginterest": 348400000,
        "incometaxexpensebenefit": 81500000,
        "netincomeloss": 266899999.99999997,
        "earningspersharebasic": 1.2,
        "earningspersharediluted": 1.2,
        "othercomprehensiveincomeforeigncurrencytransactionandtranslationadjustmentnetoftaxportionattributabletoparent": -8300000.000000001,
        "comprehensiveincomenetoftax": 258600000.00000003
    },
    {
        "date": "2022-07-29",
        "symbol": "DLTR",
        "period": "Q2",
        "revenuefromcontractwithcustomerexcludingassessedtax": 3194200000,
        "revenuenotfromcontractwithcustomer": 3200000,
        "revenues": 6768500000,
        "costofgoodsandservicessold": 4640900000,
        "sellinggeneralandadministrativeexpense": 1622200000,
        "operatingincomeloss": -100400000,
        "interestincomeexpensenonoperatingnet": -30600000,
        "othernonoperatingincomeexpense": -100000,
        "incomelossfromcontinuingoperationsbeforeincometaxesextraordinaryitemsnoncontrollinginterest": 474700000,
        "incometaxexpensebenefit": 114800000,
        "netincomeloss": 359900000,
        "earningspersharebasic": 1.61,
        "earningspersharediluted": 1.6,
        "othercomprehensiveincomeforeigncurrencytransactionandtranslationadjustmentnetoftaxportionattributabletoparent": -1000000,
        "comprehensiveincomenetoftax": 358900000
    },
    {
        "date": "2022-04-29",
        "symbol": "DLTR",
        "period": "Q1",
        "revenuefromcontractwithcustomerexcludingassessedtax": 3118300000,
        "revenuenotfromcontractwithcustomer": 2500000,
        "revenues": 6902600000,
        "costofgoodsandservicessold": 4559600000,
        "sellinggeneralandadministrativeexpense": 1611500000,
        "operatingincomeloss": -122200000,
        "interestincomeexpensenonoperatingnet": -34000000,
        "incomelossfromcontinuingoperationsbeforeincometaxesextraordinaryitemsnoncontrollinginterest": 697500000,
        "incometaxexpensebenefit": 161100000,
        "netincomeloss": 536400000,
        "earningspersharebasic": 2.38,
        "earningspersharediluted": 2.37,
        "othercomprehensiveincomeforeigncurrencytransactionandtranslationadjustmentnetoftaxportionattributabletoparent": -100000,
        "comprehensiveincomenetoftax": 536299999.99999994
    },
    {
        "date": "2022-01-28",
        "symbol": "DLTR",
        "period": "Q4",
        "revenuefromcontractwithcustomerexcludingassessedtax": 3158300000,
        "revenuenotfromcontractwithcustomer": 3200000,
        "revenues": 7080600000,
        "costofgoodsandservicessold": 4940300000,
        "sellinggeneralandadministrativeexpense": 1561500000,
        "operatingincomeloss": -95800000,
        "interestincomeexpensenonoperatingnet": -79500000,
        "incomelossfromcontinuingoperationsbeforeincometaxesextraordinaryitemsnoncontrollinginterest": 499200000,
        "incometaxexpensebenefit": 45000000,
        "netincomeloss": 454200000,
        "earningspersharebasic": 2.0199999999999996,
        "earningspersharediluted": 2.01,
        "comprehensiveincomenetoftax": 450300000
    },
    {
        "date": "2021-10-29",
        "symbol": "DLTR",
        "period": "Q3",
        "revenuefromcontractwithcustomerexcludingassessedtax": 2998000000,
        "revenuenotfromcontractwithcustomer": 2300000,
        "revenues": 6417700000,
        "costofgoodsandservicessold": 4651700000,
        "sellinggeneralandadministrativeexpense": 1455500000,
        "operatingincomeloss": -68600000,
        "interestincomeexpensenonoperatingnet": -33400000,
        "othernonoperatingincomeexpense": -200000,
        "incomelossfromcontinuingoperationsbeforeincometaxesextraordinaryitemsnoncontrollinginterest": 276900000,
        "incometaxexpensebenefit": 60100000,
        "netincomeloss": 216800000,
        "earningspersharebasic": 0.96,
        "earningspersharediluted": 0.96,
        "othercomprehensiveincomeforeigncurrencytransactionandtranslationadjustmentnetoftaxportionattributabletoparent": 700000,
        "comprehensiveincomenetoftax": 217500000
    },
    {
        "date": "2021-07-30",
        "symbol": "DLTR",
        "period": "Q2",
        "revenuefromcontractwithcustomerexcludingassessedtax": 3075900000,
        "revenuenotfromcontractwithcustomer": 3000000,
        "revenues": 6343200000,
        "costofgoodsandservicessold": 4479200000,
        "sellinggeneralandadministrativeexpense": 1461800000,
        "operatingincomeloss": -82500000,
        "interestincomeexpensenonoperatingnet": -33000000,
        "incomelossfromcontinuingoperationsbeforeincometaxesextraordinaryitemsnoncontrollinginterest": 369200000,
        "incometaxexpensebenefit": 86800000,
        "netincomeloss": 282400000,
        "earningspersharebasic": 1.24,
        "earningspersharediluted": 1.23,
        "othercomprehensiveincomeforeigncurrencytransactionandtranslationadjustmentnetoftaxportionattributabletoparent": -1800000,
        "comprehensiveincomenetoftax": 280600000
    },
    {
        "date": "2021-04-30",
        "symbol": "DLTR",
        "period": "Q1",
        "revenuefromcontractwithcustomerexcludingassessedtax": 6476800000,
        "revenuenotfromcontractwithcustomer": 2900000,
        "revenues": 6479700000,
        "costofgoodsandservicessold": 4512700000,
        "sellinggeneralandadministrativeexpense": 1447100000,
        "operatingincomeloss": 519900000,
        "interestincomeexpensenonoperatingnet": -33000000,
        "incomelossfromcontinuingoperationsbeforeincometaxesextraordinaryitemsnoncontrollinginterest": 486900000,
        "incometaxexpensebenefit": 112400000,
        "netincomeloss": 374500000,
        "earningspersharebasic": 1.61,
        "earningspersharediluted": 1.6,
        "othercomprehensiveincomeforeigncurrencytransactionandtranslationadjustmentnetoftaxportionattributabletoparent": 5000000,
        "comprehensiveincomenetoftax": 379500000
    },
    {
        "date": "2021-01-29",
        "symbol": "DLTR",
        "period": "Q4",
        "revenuefromcontractwithcustomerexcludingassessedtax": 6767900000,
        "costofgoodsandservicessold": 4615100000,
        "grossprofit": 2152800000,
        "sellinggeneralandadministrativeexpense": 1471200000,
        "operatingincomeloss": 681600000,
        "interestincomeexpensenonoperatingnet": -34200000,
        "othernonoperatingincomeexpense": 0,
        "incomelossfromcontinuingoperationsbeforeincometaxesextraordinaryitemsnoncontrollinginterest": 647400000,
        "incometaxexpensebenefit": 144600000,
        "netincomeloss": 502800000,
        "earningspersharebasic": 2.1399999999999997,
        "earningspersharediluted": 2.1200000000000006,
        "othercomprehensiveincomeforeigncurrencytransactionandtranslationadjustmentnetoftaxportionattributabletoparent": 5400000,
        "comprehensiveincomenetoftax": 508200000
    },
    {
        "date": "2020-10-30",
        "symbol": "DLTR",
        "period": "Q3",
        "revenuefromcontractwithcustomerexcludingassessedtax": 6177000000,
        "costofgoodsandservicessold": 4252600000,
        "grossprofit": 1924400000,
        "sellinggeneralandadministrativeexpense": 1458900000,
        "operatingincomeloss": 465500000,
        "interestincomeexpensenonoperatingnet": -38100000,
        "othernonoperatingincomeexpense": -100000,
        "incomelossfromcontinuingoperationsbeforeincometaxesextraordinaryitemsnoncontrollinginterest": 427300000,
        "incometaxexpensebenefit": 97300000,
        "netincomeloss": 330000000,
        "earningspersharebasic": 1.39,
        "earningspersharediluted": 1.39,
        "othercomprehensiveincomeforeigncurrencytransactionandtranslationadjustmentnetoftaxportionattributabletoparent": 600000,
        "comprehensiveincomenetoftax": 330600000
    },
    {
        "date": "2020-07-31",
        "symbol": "DLTR",
        "period": "Q2",
        "revenuefromcontractwithcustomerexcludingassessedtax": 6277600000,
        "costofgoodsandservicessold": 4361400000,
        "grossprofit": 1916200000,
        "sellinggeneralandadministrativeexpense": 1541300000,
        "operatingincomeloss": 374900000,
        "interestincomeexpensenonoperatingnet": -34800000,
        "othernonoperatingincomeexpense": -200000,
        "incomelossfromcontinuingoperationsbeforeincometaxesextraordinaryitemsnoncontrollinginterest": 339900000,
        "incometaxexpensebenefit": 78400000,
        "netincomeloss": 261500000,
        "earningspersharebasic": 1.1,
        "earningspersharediluted": 1.1,
        "othercomprehensiveincomeforeigncurrencytransactionandtranslationadjustmentnetoftaxportionattributabletoparent": 6600000,
        "comprehensiveincomenetoftax": 268100000
    },
    {
        "date": "2020-05-01",
        "symbol": "DLTR",
        "period": "Q1",
        "revenuefromcontractwithcustomerexcludingassessedtax": 6286800000,
        "costofgoodsandservicessold": 4491900000,
        "grossprofit": 1794900000,
        "sellinggeneralandadministrativeexpense": 1429000000,
        "operatingincomeloss": 365900000,
        "interestincomeexpensenonoperatingnet": -40200000,
        "othernonoperatingincomeexpense": -500000,
        "incomelossfromcontinuingoperationsbeforeincometaxesextraordinaryitemsnoncontrollinginterest": 325200000,
        "incometaxexpensebenefit": 77600000,
        "netincomeloss": 247600000,
        "earningspersharebasic": 1.05,
        "earningspersharediluted": 1.04,
        "othercomprehensiveincomeforeigncurrencytransactionandtranslationadjustmentnetoftaxportionattributabletoparent": -8000000,
        "comprehensiveincomenetoftax": 239600000
    },
    {
        "date": "2020-01-31",
        "symbol": "DLTR",
        "period": "Q4",
        "netincomeloss": 123000000,
        "comprehensiveincomenetoftax": 122400000,
        "revenuefromcontractwithcustomerexcludingassessedtax": 6315300000,
        "costofgoodsandservicessold": 4354800000,
        "grossprofit": 1960500000,
        "sellinggeneralandadministrativeexpense": 1398100000,
        "operatingincomeloss": 249400000,
        "othernonoperatingincomeexpense": -700000,
        "incometaxexpensebenefit": 86500000,
        "earningspersharebasic": 0.5200000000000002,
        "earningspersharediluted": 0.51
    },
    {
        "date": "2019-11-01",
        "symbol": "DLTR",
        "period": "Q3",
        "revenuefromcontractwithcustomerexcludingassessedtax": 5746200000,
        "costofgoodsandservicessold": 4041700000,
        "grossprofit": 1704500000,
        "sellinggeneralandadministrativeexpense": 1346100000,
        "operatingincomeloss": 358400000,
        "interestincomeexpensenonoperatingnet": -41400000,
        "othernonoperatingincomeexpense": -100000,
        "incomelossfromcontinuingoperationsbeforeincometaxesextraordinaryitemsnoncontrollinginterest": 316900000,
        "incometaxexpensebenefit": 61100000,
        "netincomeloss": 255800000,
        "earningspersharebasic": 1.08,
        "earningspersharediluted": 1.08,
        "othercomprehensiveincomeforeigncurrencytransactionandtranslationadjustmentnetoftaxportionattributabletoparent": 400000,
        "comprehensiveincomenetoftax": 256200000
    },
    {
        "date": "2019-08-02",
        "symbol": "DLTR",
        "period": "Q2",
        "revenuefromcontractwithcustomerexcludingassessedtax": 5740600000,
        "costofgoodsandservicessold": 4092100000,
        "grossprofit": 1648500000,
        "sellinggeneralandadministrativeexpense": 1379600000,
        "operatingincomeloss": 268900000,
        "interestincomeexpensenonoperatingnet": -40100000,
        "othernonoperatingincomeexpense": -400000,
        "incomelossfromcontinuingoperationsbeforeincometaxesextraordinaryitemsnoncontrollinginterest": 228400000,
        "incometaxexpensebenefit": 48100000,
        "netincomeloss": 180300000,
        "earningspersharebasic": 0.76,
        "earningspersharediluted": 0.76,
        "othercomprehensiveincomeforeigncurrencytransactionandtranslationadjustmentnetoftaxportionattributabletoparent": 1500000,
        "comprehensiveincomenetoftax": 181800000
    },
    {
        "date": "2019-05-03",
        "symbol": "DLTR",
        "period": "Q1",
        "revenuefromcontractwithcustomerexcludingassessedtax": 5808700000,
        "costofgoodsandservicessold": 4081500000,
        "grossprofit": 1727200000,
        "sellinggeneralandadministrativeexpense": 1341700000,
        "operatingincomeloss": 385500000,
        "interestincomeexpensenet": -41400000,
        "othernonoperatingincomeexpense": -200000,
        "incomelossfromcontinuingoperationsbeforeincometaxesminorityinterestandincomelossfromequitymethodinvestments": 343900000,
        "incometaxexpensebenefit": 76000000,
        "netincomeloss": 267900000,
        "earningspersharebasic": 1.13,
        "earningspersharediluted": 1.12,
        "othercomprehensiveincomeforeigncurrencytransactionandtranslationgainlossarisingduringperiodnetoftax": -2800000,
        "comprehensiveincomenetoftax": 265100000
    },
    {
        "date": "2019-02-01",
        "symbol": "DLTR",
        "period": "Q4",
        "grossprofit": 684400000,
        "sellinggeneralandadministrativeexpenseexcludingreceivableimpairment": 1332500000,
        "sellinggeneralandadministrativeexpense": 4059500000,
        "operatingincomeloss": -2690100000,
        "interestincomeexpensenet": -46300000,
        "othernonoperatingincomeexpense": -400000,
        "incomelossfromcontinuingoperationsbeforeincometaxesminorityinterestandincomelossfromequitymethodinvestments": -2194100000,
        "incometaxexpensebenefit": 112900000,
        "netincomeloss": -2307000000,
        "earningspersharebasic": -9.7,
        "earningspersharediluted": -9.66,
        "othercomprehensiveincomeforeigncurrencytransactionandtranslationgainlossarisingduringperiodnetoftax": -100000,
        "comprehensiveincomenetoftax": -2307100000
    },
    {
        "date": "2018-11-02",
        "symbol": "DLTR",
        "period": "Q3",
        "revenuefromcontractwithcustomerexcludingassessedtax": 2685000000,
        "costofgoodsandservicessold": 3866900000,
        "grossprofit": 678200000,
        "sellinggeneralandadministrativeexpenseexcludingreceivableimpairment": 1284100000,
        "sellinggeneralandadministrativeexpense": 1284100000,
        "operatingincomeloss": 55900000,
        "interestincomeexpensenet": -47600000,
        "othernonoperatingincomeexpense": -200000,
        "incomelossfromcontinuingoperationsbeforeincometaxesminorityinterestandincomelossfromequitymethodinvestments": 340000000,
        "incometaxexpensebenefit": 58200000,
        "netincomeloss": 281800000,
        "earningspersharebasic": 1.18,
        "earningspersharediluted": 1.18,
        "othercomprehensiveincomeforeigncurrencytransactionandtranslationgainlossarisingduringperiodnetoftax": -700000,
        "comprehensiveincomenetoftax": 281100000
    },
    {
        "date": "2018-08-03",
        "symbol": "DLTR",
        "period": "Q2",
        "salesrevenuegoodsnet": 2756800000,
        "costofgoodssold": 3861700000,
        "grossprofit": 708600000,
        "sellinggeneralandadministrativeexpenseexcludingreceivableimpairment": 1281400000,
        "sellinggeneralandadministrativeexpense": 1281400000,
        "operatingincomeloss": 84800000,
        "interestincomeexpensenet": -46100000,
        "othernonoperatingincomeexpense": 1300000,
        "incomelossfromcontinuingoperationsbeforeincometaxesminorityinterestandincomelossfromequitymethodinvestments": 337700000,
        "incometaxexpensebenefit": 63800000,
        "netincomeloss": 273900000,
        "earningspersharebasic": 1.15,
        "earningspersharediluted": 1.15,
        "othercomprehensiveincomeforeigncurrencytransactionandtranslationgainlossarisingduringperiodnetoftax": -1300000,
        "comprehensiveincomenetoftax": 272600000
    },
    {
        "date": "2018-05-04",
        "symbol": "DLTR",
        "period": "Q1",
        "salesrevenuegoodsnet": 2769200000,
        "costofgoodssold": 3854100000,
        "grossprofit": 738800000,
        "sellinggeneralandadministrativeexpenseexcludingreceivableimpairment": 1262000000,
        "sellinggeneralandadministrativeexpense": 1262000000,
        "operatingincomeloss": 107400000,
        "interestincomeexpensenet": -230000000,
        "othernonoperatingincomeexpense": -200000,
        "incomelossfromcontinuingoperationsbeforeincometaxesminorityinterestandincomelossfromequitymethodinvestments": 207400000,
        "incometaxexpensebenefit": 46900000,
        "netincomeloss": 160500000,
        "earningspersharebasic": 0.68,
        "earningspersharediluted": 0.67,
        "othercomprehensiveincomeforeigncurrencytransactionandtranslationgainlossarisingduringperiodnetoftax": -3900000,
        "comprehensiveincomenetoftax": 156600000
    },
    {
        "date": "2018-02-02",
        "symbol": "DLTR",
        "period": "Q4",
        "salesrevenuegoodsnet": 3039800000,
        "costofgoodssold": -14300000,
        "grossprofit": 837500000,
        "sellinggeneralandadministrativeexpenseexcludingreceivableimpairment": 1370400000,
        "sellinggeneralandadministrativeexpense": -13400000,
        "operatingincomeloss": 205600000,
        "interestincomeexpensenet": 161600000,
        "othernonoperatingincomeexpense": 0,
        "incomelossfromcontinuingoperationsbeforeincometaxesminorityinterestandincomelossfromequitymethodinvestments": -69700000,
        "incometaxexpensebenefit": -27900000,
        "netincomeloss": 2489300000,
        "earningspersharebasic": 4.390000000000001,
        "earningspersharediluted": 4.370000000000001,
        "othercomprehensiveincomeforeigncurrencytransactionandtranslationgainlossarisingduringperiodnetoftax": -9200000,
        "comprehensiveincomenetoftax": -1089700000
    },
    {
        "date": "2017-10-27",
        "symbol": "DLTR",
        "period": "Q3",
        "salesrevenuegoodsnet": 59900000,
        "costofgoodssold": -3689700000,
        "grossprofit": -173200000,
        "sellinggeneralandadministrativeexpenseexcludingreceivableimpairment": 1240800000,
        "assetimpairmentcharges": 0,
        "sellinggeneralandadministrativeexpense": -1274700000,
        "operatingincomeloss": -207600000,
        "interestincomeexpensenet": -37900000,
        "othernonoperatingincomeexpense": 300000,
        "incomelossfromcontinuingoperationsbeforeincometaxesminorityinterestandincomelossfromequitymethodinvestments": -490100000,
        "incometaxexpensebenefit": -177400000,
        "netincomeloss": -694100000,
        "earningspersharebasic": 1.0100000000000002,
        "earningspersharediluted": 1.0099999999999998,
        "othercomprehensiveincomeforeigncurrencytransactionandtranslationgainlossarisingduringperiodnetoftax": -2700000,
        "comprehensiveincomenetoftax": -683700000
    },
    {
        "date": "2017-07-28",
        "symbol": "DLTR",
        "period": "Q2",
        "salesrevenuegoodsnet": 2694300000,
        "costofgoodssold": -11300000,
        "grossprofit": 732000000,
        "sellinggeneralandadministrativeexpenseexcludingreceivableimpairment": 1205700000,
        "assetimpairmentcharges": 2600000,
        "sellinggeneralandadministrativeexpense": -18200000,
        "operatingincomeloss": 130400000,
        "interestincomeexpensenet": -58800000,
        "othernonoperatingincomeexpense": 100000,
        "incomelossfromcontinuingoperationsbeforeincometaxesminorityinterestandincomelossfromequitymethodinvestments": 200000,
        "incometaxexpensebenefit": -21500000,
        "netincomeloss": -281400000,
        "earningspersharebasic": 0.99,
        "earningspersharediluted": 0.98,
        "othercomprehensiveincomeforeigncurrencytransactionandtranslationgainlossarisingduringperiodnetoftax": 8000000,
        "comprehensiveincomenetoftax": -291800000
    },
    {
        "date": "2017-04-28",
        "symbol": "DLTR",
        "period": "Q1",
        "salesrevenuegoodsnet": 5287100000,
        "costofgoodssold": 3660000000,
        "grossprofit": 1627100000,
        "sellinggeneralandadministrativeexpenseexcludingreceivableimpairment": 1187400000,
        "assetimpairmentcharges": 50900000,
        "sellinggeneralandadministrativeexpense": 1238300000,
        "operatingincomeloss": 388800000,
        "interestincomeexpensenet": -74700000,
        "othernonoperatingincomeexpense": -300000,
        "incomelossfromcontinuingoperationsbeforeincometaxesminorityinterestandincomelossfromequitymethodinvestments": 313800000,
        "incometaxexpensebenefit": 113300000,
        "netincomeloss": 200500000,
        "earningspersharebasic": 0.85,
        "earningspersharediluted": 0.85,
        "othercomprehensiveincomeforeigncurrencytransactionandtranslationgainlossarisingduringperiodnetoftax": -3000000,
        "comprehensiveincomenetoftax": 197500000
    },
    {
        "date": "2017-01-27",
        "symbol": "DLTR",
        "period": "Q4",
        "salesrevenuegoodsnet": 5569400000,
        "costofgoodssold": -24300000,
        "grossprofit": 1465700000,
        "sellinggeneralandadministrativeexpense": -17700000,
        "operatingincomeloss": 242900000,
        "interestincomeexpensenet": -171300000,
        "othernonoperatingincomeexpense": 5800000,
        "incomelossfromcontinuingoperationsbeforeincometaxesminorityinterestandincomelossfromequitymethodinvestments": -331900000,
        "incometaxexpensebenefit": -133200000,
        "netincomeloss": 1614400000,
        "earningspersharebasic": 1.3599999999999997,
        "earningspersharediluted": 1.3599999999999999,
        "othercomprehensiveincomeforeigncurrencytransactionandtranslationgainlossarisingduringperiodnetoftax": -11400000,
        "comprehensiveincomenetoftax": -393700000
    },
    {
        "date": "2016-10-28",
        "symbol": "DLTR",
        "period": "Q3",
        "salesrevenuegoodsnet": 2534700000,
        "costofgoodssold": -99400000,
        "grossprofit": 663200000,
        "sellinggeneralandadministrativeexpense": -49300000,
        "operatingincomeloss": 56400000,
        "interestincomeexpensenet": 100000,
        "othernonoperatingincomeexpense": 4600000,
        "incomelossfromcontinuingoperationsbeforeincometaxesminorityinterestandincomelossfromequitymethodinvestments": 300000,
        "incometaxexpensebenefit": -100000,
        "netincomeloss": -224300000,
        "earningspersharebasic": 0.73,
        "earningspersharediluted": 0.72,
        "othercomprehensiveincomeforeigncurrencytransactionandtranslationgainlossarisingduringperiodnetoftax": -2400000,
        "comprehensiveincomenetoftax": -221000000
    },
    {
        "date": "2016-07-29",
        "symbol": "DLTR",
        "period": "Q2",
        "netincomeloss": -218200000,
        "othercomprehensiveincomeforeigncurrencytransactionandtranslationgainlossarisingduringperiodnetoftax": -2300000,
        "comprehensiveincomenetoftax": -215100000,
        "salesrevenuegoodsnet": 2608800000,
        "costofgoodssold": -195100000,
        "grossprofit": 694300000,
        "sellinggeneralandadministrativeexpense": 12000000,
        "operatingincomeloss": 94700000,
        "interestincomeexpensenet": -72700000,
        "othernonoperatingincomeexpense": 3100000,
        "incomelossfromcontinuingoperationsbeforeincometaxesminorityinterestandincomelossfromequitymethodinvestments": 400000,
        "incometaxexpensebenefit": 100000,
        "earningspersharebasic": 0.72,
        "earningspersharediluted": 0.72
    },
    {
        "date": "2016-04-29",
        "symbol": "DLTR",
        "period": "Q1",
        "netincomeloss": -275700000,
        "othercomprehensiveincomeforeigncurrencytransactionandtranslationgainlossarisingduringperiodnetoftax": 8900000,
        "comprehensiveincomenetoftax": -287300000,
        "salesrevenuegoodsnet": -132400000,
        "costofgoodssold": -119200000,
        "grossprofit": -13200000,
        "sellinggeneralandadministrativeexpense": -18700000,
        "operatingincomeloss": 5500000,
        "interestincomeexpensenet": -72900000,
        "othernonoperatingincomeexpense": -5900000,
        "incomelossfromcontinuingoperationsbeforeincometaxesminorityinterestandincomelossfromequitymethodinvestments": -400000,
        "incometaxexpensebenefit": -100000,
        "earningspersharebasic": 0.99,
        "earningspersharediluted": 0.98
    },
    {
        "date": "2016-01-29",
        "symbol": "DLTR",
        "period": "Q4",
        "salesrevenuegoodsnet": 500200000,
        "costofgoodssold": -3593700000,
        "grossprofit": -75200000,
        "sellinggeneralandadministrativeexpense": 1182800000,
        "operatingincomeloss": -167500000,
        "interestincomeexpensenet": -114900000,
        "othernonoperatingincomeexpense": -2400000,
        "incomelossfromcontinuingoperationsbeforeincometaxesminorityinterestandincomelossfromequitymethodinvestments": 352500000,
        "incometaxexpensebenefit": 123500000,
        "netincomeloss": 229000000,
        "earningspersharebasic": 1.04,
        "earningspersharediluted": 1.03,
        "othercomprehensiveincomeforeigncurrencytransactionandtranslationgainlossarisingduringperiodnetoftax": -5500000,
        "comprehensiveincomenetoftax": 223500000
    },
    {
        "date": "2015-10-30",
        "symbol": "DLTR",
        "period": "Q3",
        "netincomeloss": 81900000,
        "othercomprehensiveincomeforeigncurrencytransactionandtranslationgainlossarisingduringperiodnetoftax": 100000,
        "comprehensiveincomenetoftax": 82000000,
        "salesrevenuegoodsnet": 2673500000,
        "costofgoodssold": -38400000,
        "grossprofit": 627800000,
        "sellinggeneralandadministrativeexpense": 1176300000,
        "operatingincomeloss": -1100000,
        "interestincomeexpensenet": -98400000,
        "othernonoperatingincomeexpense": -600000,
        "incomelossfromcontinuingoperationsbeforeincometaxesminorityinterestandincomelossfromequitymethodinvestments": 124700000,
        "incometaxexpensebenefit": 42800000,
        "earningspersharebasic": 0.35,
        "earningspersharediluted": 0.35
    },
    {
        "date": "2015-07-31",
        "symbol": "DLTR",
        "period": "Q2",
        "netincomeloss": -98000000,
        "othercomprehensiveincomeforeigncurrencytransactionandtranslationgainlossarisingduringperiodnetoftax": -9100000,
        "comprehensiveincomenetoftax": -107100000,
        "salesrevenuegoodsnet": 811600000,
        "costofgoodssold": 2156000000,
        "grossprofit": 105900000,
        "sellinggeneralandadministrativeexpense": 731800000,
        "operatingincomeloss": -95000000,
        "interestincomeexpensenet": -263900000,
        "othernonoperatingincomeexpense": -1700000,
        "incomelossfromcontinuingoperationsbeforeincometaxesminorityinterestandincomelossfromequitymethodinvestments": -142200000,
        "incometaxexpensebenefit": -44200000,
        "earningspersharebasic": -0.46,
        "earningspersharediluted": -0.46
    },
    {
        "date": "2015-05-01",
        "symbol": "DLTR",
        "period": "Q1",
        "netincomeloss": 69500000,
        "othercomprehensiveincomeforeigncurrencytransactionandtranslationgainlossarisingduringperiodnetoftax": 5500000,
        "comprehensiveincomenetoftax": 75000000,
        "salesrevenuegoodsnet": 2176700000,
        "costofgoodssold": 1427800000,
        "grossprofit": 748900000,
        "sellinggeneralandadministrativeexpense": 516100000,
        "operatingincomeloss": 232800000,
        "interestincomeexpensenet": -122200000,
        "othernonoperatingincomeexpense": 2600000,
        "incomelossfromcontinuingoperationsbeforeincometaxesminorityinterestandincomelossfromequitymethodinvestments": 113200000,
        "incometaxexpensebenefit": 43700000,
        "earningspersharebasic": 0.34,
        "earningspersharediluted": 0.34
    },
    {
        "date": "2014-10-31",
        "symbol": "DLTR",
        "period": "Q3",
        "netincomeloss": 133000000,
        "othercomprehensiveincomeforeigncurrencytransactionandtranslationgainlossarisingduringperiodnetoftax": -4300000,
        "comprehensiveincomenetoftax": 128700000,
        "salesrevenuegoodsnet": 2095200000,
        "costofgoodssold": 1369900000,
        "grossprofit": 725300000,
        "sellinggeneralandadministrativeexpense": 14300000,
        "operatingincomeloss": 219700000,
        "interestincomeexpensenet": 900000,
        "othernonoperatingincomeexpense": -1100000,
        "incomelossfromcontinuingoperationsbeforeincometaxesminorityinterestandincomelossfromequitymethodinvestments": 209300000,
        "incometaxexpensebenefit": 76300000,
        "earningspersharebasic": 0.65,
        "earningspersharediluted": 0.64
    },
    {
        "date": "2014-08-01",
        "symbol": "DLTR",
        "period": "Q2",
        "netincomeloss": 121500000,
        "othercomprehensiveincomeforeigncurrencytransactionandtranslationgainlossarisingduringperiodnetoftax": 900000,
        "comprehensiveincomenetoftax": 122400000,
        "salesrevenuegoodsnet": 2031100000,
        "costofgoodssold": 1337000000,
        "grossprofit": 694100000,
        "sellinggeneralandadministrativeexpense": 489100000,
        "operatingincomeloss": 205000000,
        "interestincomeexpensenet": -8400000,
        "incomelossfromcontinuingoperationsbeforeincometaxesminorityinterestandincomelossfromequitymethodinvestments": 196600000,
        "incometaxexpensebenefit": 75100000,
        "earningspersharebasic": 0.59,
        "earningspersharediluted": 0.59
    },
    {
        "date": "2014-05-02",
        "symbol": "DLTR",
        "period": "Q1",
        "netincomeloss": 138300000,
        "othercomprehensiveincomeforeigncurrencytransactionandtranslationgainlossarisingduringperiodnetoftax": 1200000,
        "comprehensiveincomenetoftax": 139500000,
        "salesrevenuegoodsnet": 2000300000,
        "costofgoodssold": 1303700000,
        "grossprofit": 696600000,
        "sellinggeneralandadministrativeexpense": 464700000,
        "operatingincomeloss": 231900000,
        "interestincomeexpensenet": -8100000,
        "incomelossfromcontinuingoperationsbeforeincometaxesminorityinterestandincomelossfromequitymethodinvestments": 223800000,
        "incometaxexpensebenefit": 85500000,
        "earningspersharebasic": 0.67,
        "earningspersharediluted": 0.67
    },
    {
        "date": "2013-11-01",
        "symbol": "DLTR",
        "period": "Q3",
        "netincomeloss": 125400000,
        "othercomprehensiveincomeforeigncurrencytransactionandtranslationgainlossarisingduringperiodnetoftax": -600000,
        "comprehensiveincomenetoftax": 124800000,
        "salesrevenuegoodsnet": 1884700000,
        "costofgoodssold": 1224800000,
        "grossprofit": 659900000,
        "sellinggeneralandadministrativeexpense": 455600000,
        "operatingincomeloss": 204300000,
        "interestincomeexpensenet": -5200000,
        "othernonoperatingincomeexpense": -300000,
        "incomelossfromcontinuingoperationsbeforeincometaxesminorityinterestandincomelossfromequitymethodinvestments": 198800000,
        "incometaxexpensebenefit": 73400000,
        "earningspersharebasic": 0.58,
        "earningspersharediluted": 0.58
    },
    {
        "date": "2013-08-02",
        "symbol": "DLTR",
        "period": "Q2",
        "netincomeloss": 124700000,
        "othercomprehensiveincomeforeigncurrencytransactionandtranslationgainlossarisingduringperiodnetoftax": -4600000,
        "comprehensiveincomenetoftax": 120100000,
        "salesrevenuegoodsnet": 1854900000,
        "costofgoodssold": 1206200000,
        "grossprofit": 648700000,
        "sellinggeneralandadministrativeexpense": 447400000,
        "operatingincomeloss": 201300000,
        "interestincomeexpensenet": -700000,
        "othernonoperatingincomeexpense": 200000,
        "incomelossfromcontinuingoperationsbeforeincometaxesminorityinterestandincomelossfromequitymethodinvestments": 200800000,
        "incometaxexpensebenefit": 76100000,
        "earningspersharebasic": 0.56,
        "earningspersharediluted": 0.56
    },
    {
        "date": "2013-05-03",
        "symbol": "DLTR",
        "period": "Q1",
        "netincomeloss": 133500000,
        "othercomprehensiveincomeforeigncurrencytransactionandtranslationgainlossarisingduringperiodnetoftax": -1700000,
        "comprehensiveincomenetoftax": 131800000,
        "salesrevenuegoodsnet": 1865800000,
        "costofgoodssold": 1209800000,
        "grossprofit": 656000000,
        "sellinggeneralandadministrativeexpense": 439400000,
        "operatingincomeloss": 216600000,
        "interestincomeexpensenet": -600000,
        "othernonoperatingincomeexpense": -400000,
        "incomelossfromcontinuingoperationsbeforeincometaxesminorityinterestandincomelossfromequitymethodinvestments": 215600000,
        "incometaxexpensebenefit": 82100000,
        "earningspersharebasic": 0.6,
        "earningspersharediluted": 0.59
    },
    {
        "date": "2012-10-26",
        "symbol": "DLTR",
        "period": "Q3",
        "netincomeloss": 155400000,
        "othercomprehensiveincomeforeigncurrencytransactionandtranslationadjustmentnetoftaxperiodincreasedecrease": 1700000,
        "comprehensiveincomenetoftaxincludingportionattributabletononcontrollinginterest": 157100000,
        "salesrevenuegoodsnet": 1720500000,
        "costofgoodssold": 1120900000,
        "grossprofit": 599600000,
        "sellinggeneralandadministrativeexpense": 415400000,
        "operatingincomeloss": 184200000,
        "interestincomeexpensenet": -800000,
        "othernonoperatingincomeexpense": 60700000,
        "incomelossfromcontinuingoperationsbeforeincometaxesminorityinterestandincomelossfromequitymethodinvestments": 244100000,
        "incometaxexpensebenefit": 88700000,
        "earningspersharebasic": 0.68,
        "earningspersharediluted": 0.68
    },
    {
        "date": "2012-07-27",
        "symbol": "DLTR",
        "period": "Q2",
        "netincomeloss": 119200000,
        "othercomprehensiveincomeforeigncurrencytransactionandtranslationadjustmentnetoftaxperiodincreasedecrease": -5000000,
        "comprehensiveincomenetoftaxincludingportionattributabletononcontrollinginterest": 114200000,
        "salesrevenuegoodsnet": 1704600000,
        "costofgoodssold": 1105000000,
        "grossprofit": 599600000,
        "sellinggeneralandadministrativeexpense": 415200000,
        "operatingincomeloss": 184400000,
        "interestincomeexpensenet": -1100000,
        "othernonoperatingincomeexpense": 0,
        "incomelossfromcontinuingoperationsbeforeincometaxesminorityinterestandincomelossfromequitymethodinvestments": 183300000,
        "incometaxexpensebenefit": 64100000,
        "earningspersharebasic": 0.020000000000000018,
        "earningspersharediluted": 0.010000000000000009
    },
    {
        "date": "2012-04-27",
        "symbol": "DLTR",
        "period": "Q1",
        "netincomeloss": 116100000,
        "othercomprehensiveincomeforeigncurrencytransactionandtranslationadjustmentnetoftaxperiodincreasedecrease": 2500000,
        "comprehensiveincomenetoftaxincludingportionattributabletononcontrollinginterest": 118600000,
        "salesrevenuegoodsnet": 1723600000,
        "costofgoodssold": 1120900000,
        "grossprofit": 602700000,
        "sellinggeneralandadministrativeexpense": 414700000,
        "operatingincomeloss": 188000000,
        "interestincomeexpensenet": -500000,
        "othernonoperatingincomeexpense": 1100000,
        "incomelossfromcontinuingoperationsbeforeincometaxesminorityinterestandincomelossfromequitymethodinvestments": 188600000,
        "incometaxexpensebenefit": 72500000,
        "earningspersharebasic": 1,
        "earningspersharediluted": 1
    },
    {
        "date": "2011-10-28",
        "symbol": "DLTR",
        "period": "Q3",
        "salesrevenuegoodsnet": 1596600000,
        "costofgoodssold": 1036000000,
        "grossprofit": 560600000,
        "sellinggeneralandadministrativeexpense": 395700000,
        "operatingincomeloss": 164900000,
        "interestincomeexpensenet": -600000,
        "othernonoperatingincomeexpense": -100000,
        "incomelossfromcontinuingoperationsbeforeincometaxesminorityinterestandincomelossfromequitymethodinvestments": 164200000,
        "incometaxexpensebenefit": 59700000,
        "netincomeloss": 104500000,
        "earningspersharebasic": 0.87,
        "earningspersharediluted": 0.87
    },
    {
        "date": "2011-07-29",
        "symbol": "DLTR",
        "period": "Q2",
        "salesrevenuegoodsnet": 1542400000,
        "costofgoodssold": 1000000000,
        "grossprofit": 542400000,
        "sellinggeneralandadministrativeexpense": 388900000,
        "operatingincomeloss": 153500000,
        "interestincomeexpensenet": -700000,
        "othernonoperatingincomeexpense": -500000,
        "incomelossfromcontinuingoperationsbeforeincometaxesminorityinterestandincomelossfromequitymethodinvestments": 152300000,
        "incometaxexpensebenefit": 57400000,
        "netincomeloss": 94900000,
        "earningspersharebasic": 0.78,
        "earningspersharediluted": 0.77
    },
    {
        "date": "2011-04-29",
        "symbol": "DLTR",
        "period": "Q1",
        "salesrevenuegoodsnet": 1545900000,
        "costofgoodssold": 1005100000,
        "grossprofit": 540800000,
        "sellinggeneralandadministrativeexpense": 379100000,
        "operatingincomeloss": 161700000,
        "interestincomeexpensenet": -900000,
        "othernonoperatingincomeexpense": 700000,
        "incomelossfromcontinuingoperationsbeforeincometaxesminorityinterestandincomelossfromequitymethodinvestments": 161500000,
        "incometaxexpensebenefit": 60500000,
        "netincomeloss": 101000000,
        "earningspersharebasic": 0.82,
        "earningspersharediluted": 0.82
    }
]