[
    {
        "date": "2024-09-29",
        "symbol": "CHTR",
        "period": "Q3",
        "revenues": 13795000000,
        "operatingexpenses": 8294000000,
        "depreciationamortizationandaccretionnet": 2145000000,
        "otheroperatingincomeexpensenet": -21000000,
        "costsandexpenses": 10460000000,
        "operatingincomeloss": 3335000000,
        "interestincomeexpensenonoperatingnet": -1311000000,
        "nonoperatingincomeexpense": -144000000,
        "totalnonoperatingincomeexpenseincludinginterestexpensenet": -1455000000,
        "incomelossfromcontinuingoperationsbeforeincometaxesextraordinaryitemsnoncontrollinginterest": 1880000000,
        "incometaxexpensebenefit": 406000000,
        "profitloss": 1474000000,
        "netincomelossattributabletononcontrollinginterest": 193000000,
        "netincomeloss": 1280000000,
        "earningspersharebasic": 8.99,
        "earningspersharediluted": 8.82,
        "weightedaveragenumberofsharesoutstandingbasic": 142308740,
        "weightedaveragenumberofdilutedsharesoutstanding": 145059470
    },
    {
        "date": "2024-06-29",
        "symbol": "CHTR",
        "period": "Q2",
        "revenues": 13685000000,
        "operatingexpenses": 8173000000,
        "depreciationamortizationandaccretionnet": 2170000000,
        "otheroperatingincomeexpensenet": -79000000,
        "costsandexpenses": 10422000000,
        "operatingincomeloss": 3263000000,
        "interestincomeexpensenet": -1328000000,
        "nonoperatingincomeexpense": -85000000,
        "totalnonoperatingincomeexpenseincludinginterestexpensenet": -1413000000,
        "incomelossfromcontinuingoperationsbeforeincometaxesextraordinaryitemsnoncontrollinginterest": 1850000000,
        "incometaxexpensebenefit": 427000000,
        "profitloss": 1423000000,
        "netincomelossattributabletononcontrollinginterest": 192000000,
        "netincomeloss": 1231000000,
        "earningspersharebasic": 8.58,
        "earningspersharediluted": 8.49,
        "weightedaveragenumberofsharesoutstandingbasic": 143329828,
        "weightedaveragenumberofdilutedsharesoutstanding": 144914860
    },
    {
        "date": "2024-03-30",
        "symbol": "CHTR",
        "period": "Q1",
        "revenues": 13679000000,
        "operatingexpenses": 8396000000,
        "depreciationamortizationandaccretionnet": 2190000000,
        "otheroperatingincomeexpensenet": 38000000,
        "costsandexpenses": 10548000000,
        "operatingincomeloss": 3131000000,
        "interestincomeexpensenet": -1316000000,
        "nonoperatingincomeexpense": -89000000,
        "totalnonoperatingincomeexpenseincludinginterestexpensenet": -1405000000,
        "incomelossfromcontinuingoperationsbeforeincometaxesextraordinaryitemsnoncontrollinginterest": 1726000000,
        "incometaxexpensebenefit": 446000000,
        "profitloss": 1280000000,
        "netincomelossattributabletononcontrollinginterest": 174000000,
        "netincomeloss": 1106000000,
        "earningspersharebasic": 7.66,
        "earningspersharediluted": 7.55,
        "weightedaveragenumberofsharesoutstandingbasic": 144510317,
        "weightedaveragenumberofdilutedsharesoutstanding": 146643199
    },
    {
        "date": "2023-12-30",
        "symbol": "CHTR",
        "period": "Q4",
        "revenues": 39674000000,
        "operatingexpenses": 8290000000,
        "depreciationamortizationandaccretionnet": 2188000000,
        "otheroperatingincomeexpensenet": 34000000,
        "costsandexpenses": 10444000000,
        "operatingincomeloss": 3267000000,
        "interestincomeexpensenet": -1319000000,
        "nonoperatingincomeexpense": -313000000,
        "totalnonoperatingincomeexpenseincludinginterestexpensenet": -1632000000,
        "incomelossfromcontinuingoperationsbeforeincometaxesextraordinaryitemsnoncontrollinginterest": 1635000000,
        "incometaxexpensebenefit": 406000000,
        "profitloss": 3473000000,
        "netincomelossattributabletononcontrollinginterest": 172000000,
        "netincomeloss": 1058000000,
        "earningspersharebasic": 7.229999999999997,
        "earningspersharediluted": 7.039999999999997,
        "weightedaveragenumberofsharesoutstandingbasic": 149208188,
        "weightedaveragenumberofdilutedsharesoutstanding": 151966313
    },
    {
        "date": "2023-09-29",
        "symbol": "CHTR",
        "period": "Q3",
        "revenues": 13584000000,
        "operatingexpenses": 8299000000,
        "depreciationamortizationandaccretionnet": 2130000000,
        "otheroperatingincomeexpensenet": -29000000,
        "costsandexpenses": 10458000000,
        "operatingincomeloss": 3126000000,
        "interestincomeexpensenet": -1306000000,
        "nonoperatingincomeexpense": -15000000,
        "totalnonoperatingincomeexpenseincludinginterestexpensenet": -1321000000,
        "incomelossfromcontinuingoperationsbeforeincometaxesextraordinaryitemsnoncontrollinginterest": 1805000000,
        "incometaxexpensebenefit": 369000000,
        "profitloss": 1436000000,
        "netincomelossattributabletononcontrollinginterest": 181000000,
        "netincomeloss": 1255000000,
        "earningspersharebasic": 8.42,
        "earningspersharediluted": 8.25,
        "weightedaveragenumberofsharesoutstandingbasic": 149004322,
        "weightedaveragenumberofdilutedsharesoutstanding": 152019159
    },
    {
        "date": "2023-06-29",
        "symbol": "CHTR",
        "period": "Q2",
        "revenues": 666000000,
        "operatingexpenses": 8305000000,
        "depreciationamortizationandaccretionnet": 2172000000,
        "otheroperatingincomeexpensenet": 58000000,
        "costsandexpenses": 10419000000,
        "operatingincomeloss": 3240000000,
        "interestincomeexpensenet": -1298000000,
        "nonoperatingincomeexpense": -85000000,
        "totalnonoperatingincomeexpenseincludinginterestexpensenet": -1383000000,
        "incomelossfromcontinuingoperationsbeforeincometaxesextraordinaryitemsnoncontrollinginterest": 1857000000,
        "incometaxexpensebenefit": 444000000,
        "profitloss": 190000000,
        "netincomelossattributabletononcontrollinginterest": 189000000,
        "netincomeloss": 1223000000,
        "earningspersharebasic": 8.15,
        "earningspersharediluted": 8.05,
        "weightedaveragenumberofsharesoutstandingbasic": 150091880,
        "weightedaveragenumberofdilutedsharesoutstanding": 151975698
    },
    {
        "date": "2023-03-30",
        "symbol": "CHTR",
        "period": "Q1",
        "revenues": 683000000,
        "operatingexpenses": 8511000000,
        "depreciationamortizationandaccretionnet": 2206000000,
        "otheroperatingincomeexpensenet": -10000000,
        "costsandexpenses": 10727000000,
        "operatingincomeloss": 2926000000,
        "interestincomeexpensenet": -1265000000,
        "nonoperatingincomeexpense": -104000000,
        "totalnonoperatingincomeexpenseincludinginterestexpensenet": -1369000000,
        "incomelossfromcontinuingoperationsbeforeincometaxesextraordinaryitemsnoncontrollinginterest": 1557000000,
        "incometaxexpensebenefit": 374000000,
        "profitloss": 162000000,
        "netincomelossattributabletononcontrollinginterest": 162000000,
        "netincomeloss": 1021000000,
        "earningspersharebasic": 6.74,
        "earningspersharediluted": 6.65,
        "weightedaveragenumberofsharesoutstandingbasic": 151438371,
        "weightedaveragenumberofdilutedsharesoutstanding": 153538359
    },
    {
        "date": "2022-12-30",
        "symbol": "CHTR",
        "period": "Q4",
        "revenues": -656000000,
        "operatingexpenses": -24570000000,
        "depreciationamortizationandaccretionnet": 2192000000,
        "otheroperatingincomeexpensenet": -140000000,
        "costsandexpenses": 10634000000,
        "operatingincomeloss": 3040000000,
        "interestincomeexpensenet": 3331000000,
        "nonoperatingincomeexpense": -9000000,
        "totalnonoperatingincomeexpenseincludinginterestexpensenet": -1236000000,
        "incomelossfromcontinuingoperationsbeforeincometaxesextraordinaryitemsnoncontrollinginterest": 931000000,
        "incometaxexpensebenefit": 340000000,
        "profitloss": 189000000,
        "netincomelossattributabletononcontrollinginterest": 188000000,
        "netincomeloss": 1196000000,
        "earningspersharebasic": 7.7799999999999985,
        "earningspersharediluted": 7.659999999999998,
        "weightedaveragenumberofsharesoutstandingbasic": -331207500,
        "weightedaveragenumberofdilutedsharesoutstanding": -337795987
    },
    {
        "date": "2022-09-29",
        "symbol": "CHTR",
        "period": "Q3",
        "revenues": 223000000,
        "operatingexpenses": 8247000000,
        "depreciationamortizationandaccretionnet": 2177000000,
        "otheroperatingincomeexpensenet": -202000000,
        "costsandexpenses": 10626000000,
        "operatingincomeloss": 2924000000,
        "interestincomeexpensenet": -1160000000,
        "nonoperatingincomeexpense": -37000000,
        "totalnonoperatingincomeexpenseincludinginterestexpensenet": -1197000000,
        "incomelossfromcontinuingoperationsbeforeincometaxesextraordinaryitemsnoncontrollinginterest": 1727000000,
        "incometaxexpensebenefit": 360000000,
        "profitloss": 182000000,
        "netincomelossattributabletononcontrollinginterest": 182000000,
        "netincomeloss": 1185000000,
        "earningspersharebasic": 7.51,
        "earningspersharediluted": 7.38,
        "weightedaveragenumberofsharesoutstandingbasic": 157971109,
        "weightedaveragenumberofdilutedsharesoutstanding": 160638186
    },
    {
        "date": "2022-06-29",
        "symbol": "CHTR",
        "period": "Q2",
        "revenues": 219000000,
        "operatingexpenses": 8193000000,
        "depreciationamortizationandaccretionnet": 2240000000,
        "otheroperatingincomeexpensenet": 62000000,
        "costsandexpenses": 10371000000,
        "operatingincomeloss": 3227000000,
        "interestincomeexpensenet": -1109000000,
        "nonoperatingincomeexpense": 79000000,
        "totalnonoperatingincomeexpenseincludinginterestexpensenet": -1030000000,
        "incomelossfromcontinuingoperationsbeforeincometaxesextraordinaryitemsnoncontrollinginterest": 2197000000,
        "incometaxexpensebenefit": 489000000,
        "profitloss": 237000000,
        "netincomelossattributabletononcontrollinginterest": 236000000,
        "netincomeloss": 1471000000,
        "earningspersharebasic": 8.96,
        "earningspersharediluted": 8.8,
        "weightedaveragenumberofsharesoutstandingbasic": 164049619,
        "weightedaveragenumberofdilutedsharesoutstanding": 167090925
    },
    {
        "date": "2022-03-30",
        "symbol": "CHTR",
        "period": "Q1",
        "revenues": 218000000,
        "operatingexpenses": 8134000000,
        "depreciationamortizationandaccretionnet": 2294000000,
        "otheroperatingincomeexpensenet": -1000000,
        "costsandexpenses": 10429000000,
        "operatingincomeloss": 2771000000,
        "interestincomeexpensenet": -1060000000,
        "nonoperatingincomeexpense": 23000000,
        "totalnonoperatingincomeexpenseincludinginterestexpensenet": -1037000000,
        "incomelossfromcontinuingoperationsbeforeincometaxesextraordinaryitemsnoncontrollinginterest": 1734000000,
        "incometaxexpensebenefit": 345000000,
        "profitloss": 186000000,
        "netincomelossattributabletononcontrollinginterest": 186000000,
        "netincomeloss": 1203000000,
        "earningspersharebasic": 7.05,
        "earningspersharediluted": 6.9,
        "weightedaveragenumberofsharesoutstandingbasic": 170688127,
        "weightedaveragenumberofdilutedsharesoutstanding": 174500472
    },
    {
        "date": "2021-12-30",
        "symbol": "CHTR",
        "period": "Q4",
        "revenues": -631000000,
        "operatingexpenses": -23546000000,
        "depreciationamortizationandaccretionnet": 2280000000,
        "otheroperatingincomeexpensenet": -45000000,
        "costsandexpenses": 10256000000,
        "operatingincomeloss": 2956000000,
        "interestincomeexpensenet": 3010000000,
        "nonoperatingincomeexpense": 136000000,
        "totalnonoperatingincomeexpenseincludinginterestexpensenet": -898000000,
        "incomelossfromcontinuingoperationsbeforeincometaxesextraordinaryitemsnoncontrollinginterest": 1309000000,
        "incometaxexpensebenefit": 141000000,
        "profitloss": 224000000,
        "netincomelossattributabletononcontrollinginterest": 296000000,
        "netincomeloss": 1610000000,
        "earningspersharebasic": 8.95,
        "earningspersharediluted": 8.57,
        "weightedaveragenumberofsharesoutstandingbasic": 1744189,
        "weightedaveragenumberofdilutedsharesoutstanding": 5876877
    },
    {
        "date": "2021-09-29",
        "symbol": "CHTR",
        "period": "Q3",
        "revenues": 228000000,
        "operatingexpenses": 7958000000,
        "depreciationamortizationandaccretionnet": 2270000000,
        "otheroperatingincomeexpensenet": 9000000,
        "costsandexpenses": 10219000000,
        "operatingincomeloss": 2927000000,
        "interestincomeexpensenet": -1016000000,
        "nonoperatingincomeexpense": -157000000,
        "totalnonoperatingincomeexpenseincludinginterestexpensenet": -1173000000,
        "incomelossfromcontinuingoperationsbeforeincometaxesextraordinaryitemsnoncontrollinginterest": 1754000000,
        "incometaxexpensebenefit": 347000000,
        "profitloss": 190000000,
        "netincomelossattributabletononcontrollinginterest": 190000000,
        "netincomeloss": 1217000000,
        "earningspersharebasic": 6.69,
        "earningspersharediluted": 6.5,
        "weightedaveragenumberofsharesoutstandingbasic": 181925180,
        "weightedaveragenumberofdilutedsharesoutstanding": 187166071
    },
    {
        "date": "2021-06-30",
        "symbol": "CHTR",
        "period": "Q2",
        "revenues": 12802000000,
        "operatingexpenses": 7882000000,
        "depreciationamortizationandaccretionnet": 2354000000,
        "otheroperatingincomeexpensenet": 9000000,
        "costsandexpenses": 10227000000,
        "operatingincomeloss": 2575000000,
        "interestincomeexpensenet": -1004000000,
        "nonoperatingincomeexpense": -132000000,
        "totalnonoperatingincomeexpenseincludinginterestexpensenet": -1136000000,
        "incomelossfromcontinuingoperationsbeforeincometaxesextraordinaryitemsnoncontrollinginterest": 1439000000,
        "incometaxexpensebenefit": 281000000,
        "profitloss": 1158000000,
        "netincomelossattributabletononcontrollinginterest": 138000000,
        "netincomeloss": 1020000000,
        "earningspersharebasic": 5.48,
        "earningspersharediluted": 5.29,
        "weightedaveragenumberofsharesoutstandingbasic": 185916505,
        "weightedaveragenumberofdilutedsharesoutstanding": 199077390
    },
    {
        "date": "2021-03-31",
        "symbol": "CHTR",
        "period": "Q1",
        "revenues": 12522000000,
        "operatingexpenses": 7711000000,
        "depreciationamortizationandaccretionnet": 2441000000,
        "otheroperatingincomeexpensenet": -302000000,
        "costsandexpenses": 10454000000,
        "operatingincomeloss": 2068000000,
        "interestincomeexpensenet": -983000000,
        "nonoperatingincomeexpense": 52000000,
        "totalnonoperatingincomeexpenseincludinginterestexpensenet": -931000000,
        "incomelossfromcontinuingoperationsbeforeincometaxesextraordinaryitemsnoncontrollinginterest": 1137000000,
        "incometaxexpensebenefit": 216000000,
        "profitloss": 921000000,
        "netincomelossattributabletononcontrollinginterest": 114000000,
        "netincomeloss": 807000000,
        "earningspersharebasic": 4.22,
        "earningspersharediluted": 4.11,
        "weightedaveragenumberofsharesoutstandingbasic": 191404527,
        "weightedaveragenumberofdilutedsharesoutstanding": 205872536
    },
    {
        "date": "2020-12-31",
        "symbol": "CHTR",
        "period": "Q4",
        "revenues": 12624000000,
        "operatingexpenses": 7718000000,
        "depreciationamortizationandaccretionnet": 2409000000,
        "otheroperatingincomeexpensenet": -35000000,
        "costsandexpenses": 10162000000,
        "operatingincomeloss": 2462000000,
        "interestincomeexpensenet": -965000000,
        "gainslossesonextinguishmentofdebt": -22000000,
        "gainlossonderivativeinstrumentsnetpretax": 170000000,
        "netperiodicdefinedbenefitsexpensereversalofexpenseexcludingservicecostcomponent": -28000000,
        "othernonoperatingincomeexpense": -18000000,
        "nonoperatingincomeexpense": -807000000,
        "incomelossfromcontinuingoperationsbeforeincometaxesextraordinaryitemsnoncontrollinginterest": 1655000000,
        "incometaxexpensebenefit": 254000000,
        "profitloss": 1401000000,
        "netincomelossattributabletononcontrollinginterest": 155000000,
        "netincomeloss": 1246000000,
        "earningspersharebasic": 6.209999999999999,
        "earningspersharediluted": 6.01,
        "weightedaveragenumberofsharesoutstandingbasic": -413118762,
        "weightedaveragenumberofdilutedsharesoutstanding": -423166441
    },
    {
        "date": "2020-09-30",
        "symbol": "CHTR",
        "period": "Q3",
        "revenues": 12039000000,
        "operatingexpenses": 7483000000,
        "depreciationamortizationandaccretionnet": 2370000000,
        "otheroperatingincomeexpensenet": -14000000,
        "costsandexpenses": 9867000000,
        "operatingincomeloss": 2172000000,
        "interestincomeexpensenet": -946000000,
        "gainslossesonextinguishmentofdebt": -58000000,
        "gainlossonderivativeinstrumentsnetpretax": 69000000,
        "netperiodicdefinedbenefitsexpensereversalofexpenseexcludingservicecostcomponent": 115000000,
        "othernonoperatingincomeexpense": -13000000,
        "nonoperatingincomeexpense": -1063000000,
        "incomelossfromcontinuingoperationsbeforeincometaxesextraordinaryitemsnoncontrollinginterest": 1109000000,
        "incometaxexpensebenefit": 177000000,
        "profitloss": 932000000,
        "netincomelossattributabletononcontrollinginterest": 118000000,
        "netincomeloss": 814000000,
        "earningspersharebasic": 4.01,
        "earningspersharediluted": 3.9,
        "weightedaveragenumberofsharesoutstandingbasic": 202826502,
        "weightedaveragenumberofdilutedsharesoutstanding": 208722129
    },
    {
        "date": "2020-06-30",
        "symbol": "CHTR",
        "period": "Q2",
        "revenues": 11696000000,
        "operatingexpenses": 7297000000,
        "depreciationamortizationandaccretionnet": 2428000000,
        "otheroperatingincomeexpensenet": -2000000,
        "costsandexpenses": 9727000000,
        "operatingincomeloss": 1969000000,
        "interestincomeexpensenet": -957000000,
        "gainslossesonextinguishmentofdebt": -36000000,
        "gainlossonderivativeinstrumentsnetpretax": 64000000,
        "netperiodicdefinedbenefitsexpensereversalofexpenseexcludingservicecostcomponent": -11000000,
        "othernonoperatingincomeexpense": -9000000,
        "nonoperatingincomeexpense": -927000000,
        "incomelossfromcontinuingoperationsbeforeincometaxesextraordinaryitemsnoncontrollinginterest": 1042000000,
        "incometaxexpensebenefit": 166000000,
        "profitloss": 876000000,
        "netincomelossattributabletononcontrollinginterest": 110000000,
        "netincomeloss": 766000000,
        "earningspersharebasic": 3.72,
        "earningspersharediluted": 3.63,
        "weightedaveragenumberofsharesoutstandingbasic": 205777438,
        "weightedaveragenumberofdilutedsharesoutstanding": 210906946
    },
    {
        "date": "2020-03-31",
        "symbol": "CHTR",
        "period": "Q1",
        "revenues": 11738000000,
        "operatingexpenses": 7432000000,
        "depreciationamortizationandaccretionnet": 2497000000,
        "otheroperatingincomeexpensenet": -7000000,
        "costsandexpenses": 9936000000,
        "operatingincomeloss": 1802000000,
        "interestincomeexpensenet": -980000000,
        "gainslossesonextinguishmentofdebt": -27000000,
        "gainlossonderivativeinstrumentsnetpretax": -318000000,
        "netperiodicdefinedbenefitsexpensereversalofexpenseexcludingservicecostcomponent": -10000000,
        "othernonoperatingincomeexpense": 9000000,
        "nonoperatingincomeexpense": -1306000000,
        "incomelossfromcontinuingoperationsbeforeincometaxesextraordinaryitemsnoncontrollinginterest": 496000000,
        "incometaxexpensebenefit": 29000000,
        "profitloss": 467000000,
        "netincomelossattributabletononcontrollinginterest": 71000000,
        "netincomeloss": 396000000,
        "earningspersharebasic": 1.91,
        "earningspersharediluted": 1.86,
        "weightedaveragenumberofsharesoutstandingbasic": 207831305,
        "weightedaveragenumberofdilutedsharesoutstanding": 212810613
    },
    {
        "date": "2019-12-31",
        "symbol": "CHTR",
        "period": "Q4",
        "revenues": 23258000000,
        "operatingexpenses": 14845000000,
        "depreciationamortizationandaccretionnet": 5008000000,
        "otheroperatingincomeexpensenet": -18000000,
        "costsandexpenses": 19874000000,
        "operatingincomeloss": 3377000000,
        "interestincomeexpensenet": -1892000000,
        "gainlossonderivativeinstrumentsnetpretax": 62000000,
        "netperiodicdefinedbenefitsexpensereversalofexpenseexcludingservicecostcomponent": 96000000,
        "othernonoperatingincomeexpense": -4000000,
        "nonoperatingincomeexpense": -760000000,
        "incomelossfromcontinuingoperationsbeforeincometaxesextraordinaryitemsnoncontrollinginterest": 2624000000,
        "incometaxexpensebenefit": 177000000,
        "profitloss": 886000000,
        "netincomelossattributabletononcontrollinginterest": 108000000,
        "netincomeloss": 2223000000,
        "earningspersharebasic": 3.29,
        "earningspersharediluted": 3.21,
        "weightedaveragenumberofsharesoutstandingbasic": -446014874,
        "weightedaveragenumberofdilutedsharesoutstanding": -452107024
    },
    {
        "date": "2019-09-30",
        "symbol": "CHTR",
        "period": "Q3",
        "revenues": 11450000000,
        "operatingexpenses": 7435000000,
        "depreciationamortizationandaccretionnet": 2415000000,
        "otheroperatingincomeexpensenet": -14000000,
        "costsandexpenses": 9864000000,
        "operatingincomeloss": 1586000000,
        "interestincomeexpensenet": -963000000,
        "gainlossonderivativeinstrumentsnetpretax": -34000000,
        "netperiodicdefinedbenefitsexpensereversalofexpenseexcludingservicecostcomponent": -9000000,
        "othernonoperatingincomeexpense": -5000000,
        "nonoperatingincomeexpense": -993000000,
        "incomelossfromcontinuingoperationsbeforeincometaxesextraordinaryitemsnoncontrollinginterest": 593000000,
        "incometaxexpensebenefit": 126000000,
        "profitloss": 467000000,
        "netincomelossattributabletononcontrollinginterest": 80000000,
        "netincomeloss": 387000000,
        "earningspersharebasic": 1.77,
        "earningspersharediluted": 1.74,
        "weightedaveragenumberofsharesoutstandingbasic": 218499213,
        "weightedaveragenumberofdilutedsharesoutstanding": 222355867
    },
    {
        "date": "2019-06-30",
        "symbol": "CHTR",
        "period": "Q2",
        "revenues": 11347000000,
        "operatingexpenses": 7244000000,
        "depreciationamortizationandaccretionnet": 2500000000,
        "otheroperatingincomeexpensenet": -62000000,
        "costsandexpenses": 9806000000,
        "operatingincomeloss": 1541000000,
        "interestincomeexpensenet": -945000000,
        "gainlossonderivativeinstrumentsnetpretax": -119000000,
        "netperiodicdefinedbenefitsexpensereversalofexpenseexcludingservicecostcomponent": -9000000,
        "othernonoperatingincomeexpense": -16000000,
        "nonoperatingincomeexpense": -1071000000,
        "incomelossfromcontinuingoperationsbeforeincometaxesextraordinaryitemsnoncontrollinginterest": 470000000,
        "incometaxexpensebenefit": 84000000,
        "profitloss": 386000000,
        "netincomelossattributabletononcontrollinginterest": 72000000,
        "netincomeloss": 314000000,
        "earningspersharebasic": 1.41,
        "earningspersharediluted": 1.39,
        "weightedaveragenumberofsharesoutstandingbasic": 222392274,
        "weightedaveragenumberofdilutedsharesoutstanding": 225942172
    },
    {
        "date": "2019-03-30",
        "symbol": "CHTR",
        "period": "Q1",
        "revenues": -291000000,
        "operatingexpenses": -300000000,
        "depreciationamortizationandaccretionnet": 3000000,
        "otheroperatingincomeexpensenet": -9000000,
        "costsandexpenses": -291000000,
        "operatingincomeloss": 7000000,
        "interestincomeexpensenet": 3000000,
        "gainlossonderivativeinstrumentsnetpretax": 37000000,
        "netperiodicdefinedbenefitsexpensereversalofexpenseexcludingservicecostcomponent": -9000000,
        "othernonoperatingincomeexpense": -110000000,
        "nonoperatingincomeexpense": -1256000000,
        "incomelossfromcontinuingoperationsbeforeincometaxesextraordinaryitemsnoncontrollinginterest": -1256000000,
        "incometaxexpensebenefit": 52000000,
        "profitloss": 253000000,
        "netincomelossattributabletononcontrollinginterest": 64000000,
        "netincomeloss": -1256000000,
        "earningspersharebasic": 1.13,
        "earningspersharediluted": 1.11,
        "weightedaveragenumberofsharesoutstandingbasic": 224630122,
        "weightedaveragenumberofdilutedsharesoutstanding": 227595365
    },
    {
        "date": "2018-12-30",
        "symbol": "CHTR",
        "period": "Q4",
        "profitloss": 1283000000,
        "comprehensiveincomenetoftaxincludingportionattributabletononcontrollinginterest": -6799000000,
        "comprehensiveincomenetoftaxattributabletononcontrollinginterest": 63000000,
        "comprehensiveincomenetoftax": -6587000000,
        "revenues": 515000000,
        "operatingexpenses": -14761000000,
        "depreciationamortizationandaccretionnet": -5066000000,
        "otheroperatingincomeexpensenet": 46000000,
        "costsandexpenses": -19882000000,
        "operatingincomeloss": -2714000000,
        "interestincomeexpensenet": 1786000000,
        "othernonoperatingincomeexpense": 22000000,
        "nonoperatingincomeexpense": -3014000000,
        "incomelossfromcontinuingoperationsbeforeincometaxesextraordinaryitemsnoncontrollinginterest": -5754000000,
        "incometaxexpensebenefit": -22000000,
        "netincomelossattributabletononcontrollinginterest": 138000000,
        "netincomeloss": -5447000000,
        "earningspersharebasic": 1.27,
        "earningspersharediluted": 1.26,
        "weightedaveragenumberofsharesoutstandingbasic": -470202032,
        "weightedaveragenumberofdilutedsharesoutstanding": -476576476
    },
    {
        "date": "2018-09-30",
        "symbol": "CHTR",
        "period": "Q3",
        "profitloss": 584000000,
        "comprehensiveincomenetoftaxincludingportionattributabletononcontrollinginterest": 584000000,
        "comprehensiveincomenetoftaxattributabletononcontrollinginterest": 91000000,
        "comprehensiveincomenetoftax": 493000000,
        "revenues": 512000000,
        "operatingexpenses": 7012000000,
        "depreciationamortizationandaccretionnet": 2482000000,
        "otheroperatingincomeexpensenet": -18000000,
        "costsandexpenses": 9512000000,
        "operatingincomeloss": 1380000000,
        "interestincomeexpensenet": -901000000,
        "gainlossonderivativeinstrumentsnetpretax": 12000000,
        "netperiodicdefinedbenefitsexpensereversalofexpenseexcludingservicecostcomponent": -207000000,
        "othernonoperatingincomeexpense": -5000000,
        "nonoperatingincomeexpense": -687000000,
        "incomelossfromcontinuingoperationsbeforeincometaxesextraordinaryitemsnoncontrollinginterest": 693000000,
        "incometaxexpensebenefit": 109000000,
        "netincomelossattributabletononcontrollinginterest": 54000000,
        "netincomeloss": 493000000,
        "earningspersharebasic": 2.14,
        "earningspersharediluted": 2.11,
        "weightedaveragenumberofsharesoutstandingbasic": 230554633,
        "weightedaveragenumberofdilutedsharesoutstanding": 233607414
    },
    {
        "date": "2018-06-30",
        "symbol": "CHTR",
        "period": "Q2",
        "profitloss": 339000000,
        "othercomprehensiveincomelossforeigncurrencytransactionandtranslationadjustmentnetoftax": -1000000,
        "comprehensiveincomenetoftaxincludingportionattributabletononcontrollinginterest": 338000000,
        "comprehensiveincomenetoftaxattributabletononcontrollinginterest": 66000000,
        "comprehensiveincomenetoftax": 272000000,
        "revenues": 531000000,
        "operatingexpenses": 6873000000,
        "depreciationamortizationandaccretionnet": 2592000000,
        "otheroperatingincomeexpensenet": -29000000,
        "costsandexpenses": 9494000000,
        "operatingincomeloss": 1360000000,
        "interestincomeexpensenet": -878000000,
        "gainlossonderivativeinstrumentsnetpretax": -75000000,
        "othernonoperatingincomeexpense": -27000000,
        "nonoperatingincomeexpense": -980000000,
        "incomelossfromcontinuingoperationsbeforeincometaxesextraordinaryitemsnoncontrollinginterest": 380000000,
        "incometaxexpensebenefit": 41000000,
        "netincomelossattributabletononcontrollinginterest": 28000000,
        "netincomeloss": 273000000,
        "earningspersharebasic": 1.17,
        "earningspersharediluted": 1.15,
        "weightedaveragenumberofsharesoutstandingbasic": 234241769,
        "weightedaveragenumberofdilutedsharesoutstanding": 237073566
    },
    {
        "date": "2018-03-30",
        "symbol": "CHTR",
        "period": "Q1",
        "profitloss": -976000000,
        "comprehensiveincomenetoftaxincludingportionattributabletononcontrollinginterest": 223000000,
        "comprehensiveincomenetoftaxattributabletononcontrollinginterest": 55000000,
        "comprehensiveincomenetoftax": 168000000,
        "revenues": 556000000,
        "operatingexpenses": -297000000,
        "depreciationamortizationandaccretionnet": 3000000,
        "otheroperatingincomeexpensenet": -4000000,
        "costsandexpenses": -297000000,
        "operatingincomeloss": 3000000,
        "interestincomeexpensenet": 2000000,
        "gainslossesonextinguishmentofdebt": -1000000,
        "financialinstrumentgainlossnet": 63000000,
        "othernonoperatingincomeexpense": -21000000,
        "nonoperatingincomeexpense": -976000000,
        "incomelossfromcontinuingoperationsbeforeincometaxesextraordinaryitemsnoncontrollinginterest": -976000000,
        "incometaxexpensebenefit": 28000000,
        "netincomelossattributabletononcontrollinginterest": 55000000,
        "netincomeloss": -976000000,
        "earningspersharebasic": 0.71,
        "earningspersharediluted": 0.7,
        "weightedaveragenumberofsharesoutstandingbasic": 237762295,
        "weightedaveragenumberofdilutedsharesoutstanding": 241420722
    },
    {
        "date": "2017-12-30",
        "symbol": "CHTR",
        "period": "Q4",
        "profitloss": 10423000000,
        "othercomprehensiveincomelossderivativesqualifyingashedgesnetoftax": -15000000,
        "comprehensiveincomenetoftaxincludingportionattributabletononcontrollinginterest": -2852000000,
        "comprehensiveincomenetoftaxattributabletononcontrollinginterest": 63000000,
        "comprehensiveincomenetoftax": -2752000000,
        "revenues": -17931000000,
        "operatingexpenses": -14209000000,
        "depreciationamortizationandaccretionnet": -5289000000,
        "otheroperatingincomeexpensenet": 475000000,
        "costsandexpenses": -19785000000,
        "operatingincomeloss": -1863000000,
        "interestincomeexpensenet": 1541000000,
        "gainslossesonextinguishmentofdebt": -3000000,
        "financialinstrumentgainlossnet": 84000000,
        "othernonoperatingincomeexpense": 0,
        "nonoperatingincomeexpense": -946000000,
        "incomelossfromcontinuingoperationsbeforeincometaxesextraordinaryitemsnoncontrollinginterest": -2907000000,
        "incometaxexpensebenefit": -9187000000,
        "netincomelossattributabletononcontrollinginterest": 120000000,
        "netincomeloss": -2733000000,
        "earningspersharebasic": 37.25,
        "earningspersharediluted": 32.81,
        "weightedaveragenumberofsharesoutstandingbasic": -529668818,
        "weightedaveragenumberofdilutedsharesoutstanding": -502146665
    },
    {
        "date": "2017-09-30",
        "symbol": "CHTR",
        "period": "Q3",
        "profitloss": 92000000,
        "othercomprehensiveincomelossderivativesqualifyingashedgesnetoftax": 1000000,
        "othercomprehensiveincomelossforeigncurrencytransactionandtranslationadjustmentnetoftax": 1000000,
        "comprehensiveincomenetoftaxincludingportionattributabletononcontrollinginterest": 94000000,
        "comprehensiveincomenetoftaxattributabletononcontrollinginterest": 44000000,
        "comprehensiveincomenetoftax": 50000000,
        "revenues": 10458000000,
        "operatingexpenses": 6703000000,
        "depreciationamortizationandaccretionnet": 2701000000,
        "otheroperatingincomeexpensenet": -145000000,
        "costsandexpenses": 9549000000,
        "operatingincomeloss": 909000000,
        "interestincomeexpensenet": -788000000,
        "gainslossesonextinguishmentofdebt": -1000000,
        "financialinstrumentgainlossnet": 17000000,
        "definedbenefitplannetperiodicbenefitcostexcludingservicecost": 17000000,
        "othernonoperatingincomeexpense": -3000000,
        "nonoperatingincomeexpense": -791000000,
        "incomelossfromcontinuingoperationsbeforeincometaxesextraordinaryitemsnoncontrollinginterest": 118000000,
        "incometaxexpensebenefit": 26000000,
        "netincomelossattributabletononcontrollinginterest": 6000000,
        "netincomeloss": 48000000,
        "earningspersharebasic": 0.19,
        "earningspersharediluted": 0.19,
        "weightedaveragenumberofsharesoutstandingbasic": 253923805,
        "weightedaveragenumberofdilutedsharesoutstanding": 258341851
    },
    {
        "date": "2017-06-29",
        "symbol": "CHTR",
        "period": "Q2",
        "profitloss": 195000000,
        "othercomprehensiveincomelossderivativesqualifyingashedgesnetoftax": 2000000,
        "comprehensiveincomenetoftaxincludingportionattributabletononcontrollinginterest": 197000000,
        "comprehensiveincomenetoftaxattributabletononcontrollinginterest": 56000000,
        "comprehensiveincomenetoftax": 141000000,
        "revenues": 10357000000,
        "operatingexpenses": 6575000000,
        "depreciationamortizationandaccretionnet": 2595000000,
        "otheroperatingincomeexpensenet": -135000000,
        "costsandexpenses": 9305000000,
        "operatingincomeloss": 1052000000,
        "interestincomeexpensenet": -749000000,
        "gainslossesonextinguishmentofdebt": -1000000,
        "financialinstrumentgainlossnet": -70000000,
        "definedbenefitplannetperiodicbenefitcostexcludingservicecost": -13000000,
        "othernonoperatingincomeexpense": -2000000,
        "nonoperatingincomeexpense": -809000000,
        "incomelossfromcontinuingoperationsbeforeincometaxesextraordinaryitemsnoncontrollinginterest": 243000000,
        "incometaxexpensebenefit": 48000000,
        "netincomelossattributabletononcontrollinginterest": 37000000,
        "netincomeloss": 139000000,
        "earningspersharebasic": 0.53,
        "earningspersharediluted": 0.52,
        "weightedaveragenumberofsharesoutstandingbasic": 263460911,
        "weightedaveragenumberofdilutedsharesoutstanding": 267309261
    },
    {
        "date": "2017-03-30",
        "symbol": "CHTR",
        "period": "Q1",
        "profitloss": -815000000,
        "othercomprehensiveincomelossderivativesqualifyingashedgesnetoftax": -3000000,
        "comprehensiveincomenetoftaxincludingportionattributabletononcontrollinginterest": -818000000,
        "comprehensiveincomenetoftaxattributabletononcontrollinginterest": 56000000,
        "comprehensiveincomenetoftax": -818000000,
        "revenues": -342000000,
        "operatingexpenses": -342000000,
        "depreciationamortizationandaccretionnet": 2000000,
        "otheroperatingincomeexpensenet": -94000000,
        "costsandexpenses": -342000000,
        "operatingincomeloss": 3000000,
        "interestincomeexpensenet": 1000000,
        "gainslossesonextinguishmentofdebt": -1000000,
        "financialinstrumentgainlossnet": 38000000,
        "othernonoperatingincomeexpense": -9000000,
        "nonoperatingincomeexpense": -815000000,
        "incomelossfromcontinuingoperationsbeforeincometaxesextraordinaryitemsnoncontrollinginterest": -815000000,
        "incometaxexpensebenefit": 4000000,
        "netincomelossattributabletononcontrollinginterest": 56000000,
        "netincomeloss": -815000000,
        "earningspersharebasic": 0.58,
        "earningspersharediluted": 0.57,
        "weightedaveragenumberofsharesoutstandingbasic": 269004817,
        "weightedaveragenumberofdilutedsharesoutstanding": 273199509
    },
    {
        "date": "2016-09-30",
        "symbol": "CHTR",
        "period": "Q3",
        "profitloss": 114000000,
        "revenues": -7285000000,
        "operatingexpenses": -5128000000,
        "depreciationamortizationandaccretionnet": -1972000000,
        "otheroperatingincomeexpensenet": -213000000,
        "costsandexpenses": -6595000000,
        "operatingincomeloss": -1254000000,
        "interestincomeexpensenet": 200000000,
        "othernonoperatingincomeexpense": -3000000,
        "nonoperatingincomeexpense": -888000000,
        "incomelossfromcontinuingoperationsbeforeincometaxesextraordinaryitemsnoncontrollinginterest": -1578000000,
        "incometaxexpensebenefit": 9000000
    },
    {
        "date": "2016-06-30",
        "symbol": "CHTR",
        "period": "Q2",
        "profitloss": 3114000000,
        "othercomprehensiveincomelossderivativesqualifyingashedgesnetoftax": 2000000,
        "comprehensiveincomenetoftax": 3116000000,
        "revenues": 6161000000,
        "operatingexpenses": 4004000000,
        "depreciationamortizationandaccretionnet": 1436000000,
        "otheroperatingincomeexpensenet": -31000000,
        "costsandexpenses": 5471000000,
        "operatingincomeloss": 690000000,
        "interestincomeexpensenet": -593000000,
        "gainslossesonextinguishmentofdebt": -110000000,
        "financialinstrumentgainlossnet": -50000000,
        "othernonoperatingincomeexpense": -2000000,
        "nonoperatingincomeexpense": -755000000,
        "incomelossfromcontinuingoperationsbeforeincometaxesextraordinaryitemsnoncontrollinginterest": -65000000,
        "incometaxexpensebenefit": -3179000000,
        "netincomelossattributabletononcontrollinginterest": 18000000,
        "netincomeloss": 3067000000,
        "earningspersharebasic": 16.73,
        "earningspersharediluted": 15.17,
        "weightedaveragenumberofsharesoutstandingbasic": 183362776,
        "weightedaveragenumberofdilutedsharesoutstanding": 205214266
    },
    {
        "date": "2016-03-30",
        "symbol": "CHTR",
        "period": "Q1",
        "profitloss": -160000000,
        "netimpactofgainslossesoninterestratederivativeinstrumentsnetoftax": 2000000,
        "comprehensiveincomenetoftaxincludingportionattributabletononcontrollinginterest": -158000000,
        "revenues": 96000000,
        "operatingexpenses": 96000000,
        "depreciationamortizationandaccretionnet": 539000000,
        "otheroperatingincomeexpensenet": -18000000,
        "costsandexpenses": 96000000,
        "operatingincomeloss": 302000000,
        "interestincomeexpensenet": 3000000,
        "derivativeinstrumentsnotdesignatedashedginginstrumentsgainlossnet": -5000000,
        "othernonoperatingincomeexpense": -3000000,
        "nonoperatingincomeexpense": -160000000,
        "incomelossfromcontinuingoperationsbeforeincometaxesextraordinaryitemsnoncontrollinginterest": -160000000,
        "incometaxexpensebenefit": 28000000,
        "earningspersharebasicanddiluted": -1.68,
        "weightedaveragenumberofshareoutstandingbasicanddiluted": 112311539
    },
    {
        "date": "2015-12-30",
        "symbol": "CHTR",
        "period": "Q4",
        "profitloss": -146000000,
        "netimpactofgainslossesoninterestratederivativeinstrumentsnetoftax": 2000000,
        "revenues": -4412000000,
        "operatingexpenses": -2993000000,
        "depreciationamortizationandaccretionnet": 545000000,
        "otheroperatingincomeexpensenet": -20000000,
        "costsandexpenses": -4110000000,
        "operatingincomeloss": 323000000,
        "derivativeinstrumentsnotdesignatedashedginginstrumentsgainlossnet": 6000000,
        "nonoperatingincomeexpense": 607000000,
        "incomelossfromcontinuingoperationsbeforeincometaxesextraordinaryitemsnoncontrollinginterest": 65000000,
        "incometaxexpensebenefit": 250000000
    },
    {
        "date": "2015-09-30",
        "symbol": "CHTR",
        "period": "Q3",
        "profitloss": 54000000,
        "netimpactofgainslossesoninterestratederivativeinstrumentsnetoftax": 2000000,
        "othercomprehensiveincomelossnetoftax": 56000000,
        "revenues": 2450000000,
        "operatingexpenses": 1620000000,
        "depreciationamortizationandaccretionnet": 538000000,
        "otheroperatingincomeexpensenet": -19000000,
        "costsandexpenses": 2177000000,
        "operatingincomeloss": 273000000,
        "interestincomeexpensenet": -353000000,
        "derivativeinstrumentsnotdesignatedashedginginstrumentsgainlossnet": -5000000,
        "othernonoperatingincomeexpense": -3000000,
        "nonoperatingincomeexpense": -361000000,
        "incomelossfromcontinuingoperationsbeforeincometaxesextraordinaryitemsnoncontrollinginterest": -88000000,
        "incometaxexpensebenefit": -169000000,
        "earningspersharebasic": 0.48,
        "earningspersharediluted": 0.48,
        "weightedaveragenumberofsharesoutstandingbasic": 111928113,
        "weightedaveragenumberofdilutedsharesoutstanding": 113339885
    },
    {
        "date": "2015-06-30",
        "symbol": "CHTR",
        "period": "Q2",
        "profitloss": -122000000,
        "netimpactofgainslossesoninterestratederivativeinstrumentsnetoftax": 2000000,
        "othercomprehensiveincomelossnetoftax": -120000000,
        "revenues": 2430000000,
        "operatingexpenses": 1601000000,
        "depreciationamortizationandaccretionnet": 528000000,
        "otheroperatingincomeexpensenet": -32000000,
        "costsandexpenses": 2161000000,
        "operatingincomeloss": 269000000,
        "interestincomeexpensenet": -229000000,
        "gainslossesonextinguishmentofdebt": -123000000,
        "derivativeinstrumentsnotdesignatedashedginginstrumentsgainlossnet": 1000000,
        "nonoperatingincomeexpense": -356000000,
        "incomelossfromcontinuingoperationsbeforeincometaxesextraordinaryitemsnoncontrollinginterest": -87000000,
        "incometaxexpensebenefit": 35000000,
        "earningspersharebasicanddiluted": -1.09,
        "weightedaveragenumberofshareoutstandingbasicanddiluted": 111783504
    },
    {
        "date": "2015-03-30",
        "symbol": "CHTR",
        "period": "Q1",
        "profitloss": -57000000,
        "netimpactofgainslossesoninterestratederivativeinstrumentsnetoftax": 3000000,
        "othercomprehensiveincomelossnetoftax": -54000000,
        "revenues": 71000000,
        "operatingexpenses": 71000000,
        "depreciationamortizationandaccretionnet": 514000000,
        "otheroperatingincomeexpensenet": -18000000,
        "costsandexpenses": 71000000,
        "operatingincomeloss": 249000000,
        "interestexpense": 289000000,
        "derivativeinstrumentsnotdesignatedashedginginstrumentsgainlossnet": -6000000,
        "nonoperatingincomeexpense": -57000000,
        "incomelossfromcontinuingoperationsbeforeincometaxesextraordinaryitemsnoncontrollinginterest": -57000000,
        "incometaxexpensebenefit": 34000000,
        "earningspersharebasicanddiluted": -0.73,
        "weightedaveragenumberofshareoutstandingbasicanddiluted": 111655617
    },
    {
        "date": "2014-12-30",
        "symbol": "CHTR",
        "period": "Q4",
        "profitloss": -48000000,
        "netimpactofgainslossesoninterestratederivativeinstrumentsnetoftax": 3000000,
        "othercomprehensiveincomelossnetoftax": 71000000,
        "revenues": -3976000000,
        "operatingexpenses": -2822000000,
        "depreciationamortizationandaccretionnet": 534000000,
        "otheroperatingincomeexpensenet": -37000000,
        "costsandexpenses": -5802000000,
        "operatingincomeloss": 260000000,
        "derivativeinstrumentsnotdesignatedashedginginstrumentsgainlossnet": -4000000,
        "nonoperatingincomeexpense": 655000000,
        "incomelossfromcontinuingoperationsbeforeincometaxesextraordinaryitemsnoncontrollinginterest": -226000000,
        "incometaxexpensebenefit": 38000000,
        "earningspersharebasicanddiluted": -0.44000000000000006,
        "weightedaveragenumberofshareoutstandingbasicanddiluted": -214833580
    },
    {
        "date": "2014-09-30",
        "symbol": "CHTR",
        "period": "Q3",
        "profitloss": -53000000,
        "netimpactofgainslossesoninterestratederivativeinstrumentsnetoftax": 5000000,
        "othercomprehensiveincomelossnetoftax": -48000000,
        "revenues": 2287000000,
        "operatingexpenses": 1518000000,
        "depreciationamortizationandaccretionnet": 535000000,
        "otheroperatingincomeexpensenet": -16000000,
        "costsandexpenses": 2069000000,
        "operatingincomeloss": 218000000,
        "interestexpense": 217000000,
        "derivativeinstrumentsnotdesignatedashedginginstrumentsgainlossnet": 5000000,
        "nonoperatingincomeexpense": -212000000,
        "incomelossfromcontinuingoperationsbeforeincometaxesextraordinaryitemsnoncontrollinginterest": 6000000,
        "incometaxexpensebenefit": 59000000,
        "earningspersharebasicanddiluted": -0.49,
        "weightedaveragenumberofshareoutstandingbasicanddiluted": 108792605
    },
    {
        "date": "2014-06-30",
        "symbol": "CHTR",
        "period": "Q2",
        "profitloss": -45000000,
        "netimpactofgainslossesoninterestratederivativeinstrumentsnetoftax": 5000000,
        "othercomprehensiveincomelossnetoftax": -40000000,
        "revenues": 2259000000,
        "operatingexpenses": 1479000000,
        "depreciationamortizationandaccretionnet": 528000000,
        "otheroperatingincomeexpensenet": -2000000,
        "costsandexpenses": 2009000000,
        "operatingincomeloss": 250000000,
        "interestexpense": 210000000,
        "derivativeinstrumentsnotdesignatedashedginginstrumentsgainlossnet": -6000000,
        "othernonoperatingincomeexpense": -14000000,
        "nonoperatingincomeexpense": -230000000,
        "incomelossfromcontinuingoperationsbeforeincometaxesextraordinaryitemsnoncontrollinginterest": 20000000,
        "incometaxexpensebenefit": 65000000,
        "earningspersharebasicanddiluted": -0.42,
        "weightedaveragenumberofshareoutstandingbasicanddiluted": 107975937
    },
    {
        "date": "2014-03-30",
        "symbol": "CHTR",
        "period": "Q1",
        "profitloss": -37000000,
        "netimpactofgainslossesoninterestratederivativeinstrumentsnetoftax": 6000000,
        "othercomprehensiveincomelossnetoftax": 13000000,
        "revenues": 5000000,
        "operatingexpenses": 60000000,
        "depreciationamortizationandaccretionnet": 505000000,
        "otheroperatingincomeexpensenet": -7000000,
        "costsandexpenses": 1959000000,
        "operatingincomeloss": 243000000,
        "interestexpense": 171000000,
        "derivativeinstrumentsnotdesignatedashedginginstrumentsgainlossnet": -2000000,
        "othernonoperatingincomeexpense": -3000000,
        "nonoperatingincomeexpense": -217000000,
        "incomelossfromcontinuingoperationsbeforeincometaxesextraordinaryitemsnoncontrollinginterest": 196000000,
        "incometaxexpensebenefit": 61000000,
        "earningspersharebasicanddiluted": -0.35,
        "weightedaveragenumberofshareoutstandingbasicanddiluted": 106439198
    },
    {
        "date": "2013-09-30",
        "symbol": "CHTR",
        "period": "Q3",
        "profitloss": 11000000,
        "othercomprehensiveincomelossnetoftax": 9000000,
        "revenues": -2072000000,
        "operatingexpenses": -1226000000,
        "depreciationamortizationandaccretionnet": 493000000,
        "otheroperatingincomeexpensenet": -8000000,
        "costsandexpenses": -1892000000,
        "operatingincomeloss": 220000000,
        "interestexpense": -215000000,
        "gainslossesonextinguishmentofdebt": 42000000,
        "othernonoperatingincomeexpense": -11000000,
        "nonoperatingincomeexpense": 187000000,
        "incomelossfromcontinuingoperationsbeforeincometaxesextraordinaryitemsnoncontrollinginterest": -41000000,
        "incometaxexpensebenefit": -57000000,
        "earningspersharebasicanddiluted": -0.6699999999999999,
        "weightedaveragenumberofshareoutstandingbasicanddiluted": -99634400
    },
    {
        "date": "2013-06-30",
        "symbol": "CHTR",
        "period": "Q2",
        "profitloss": -96000000,
        "netimpactofgainslossesoninterestratederivativeinstrumentsnetoftax": 8000000,
        "othercomprehensiveincomelossnetoftax": -88000000,
        "revenues": 1972000000,
        "operatingexpenses": 1295000000,
        "depreciationamortizationandaccretionnet": 436000000,
        "otheroperatingincomeexpensenet": -5000000,
        "costsandexpenses": 1736000000,
        "operatingincomeloss": 236000000,
        "interestexpense": 211000000,
        "gainslossesonextinguishmentofdebt": -65000000,
        "derivativeinstrumentsnotdesignatedashedginginstrumentsgainlossnet": 20000000,
        "othernonoperatingincomeexpense": -2000000,
        "nonoperatingincomeexpense": -274000000,
        "incomelossfromcontinuingoperationsbeforeincometaxesextraordinaryitemsnoncontrollinginterest": -38000000,
        "incometaxexpensebenefit": 58000000,
        "earningspersharebasicanddiluted": -0.96,
        "weightedaveragenumberofshareoutstandingbasicanddiluted": 100600678
    },
    {
        "date": "2013-03-30",
        "symbol": "CHTR",
        "period": "Q1",
        "profitloss": -45000000,
        "othercomprehensiveincomeunrealizedgainlossonderivativesarisingduringperiodnetoftax": 11000000,
        "othercomprehensiveincomelossnetoftax": -47000000,
        "revenues": -51000000,
        "operatingexpenses": -51000000,
        "depreciationamortizationandaccretionnet": 425000000,
        "otheroperatingincomeexpensenet": -11000000,
        "costsandexpenses": 5000000,
        "operatingincomeloss": 223000000,
        "interestexpense": -2000000,
        "gainslossesonextinguishmentofdebt": -42000000,
        "gainlossonderivativeinstrumentsnetpretax": -3000000,
        "othernonoperatingincomeexpense": -1000000,
        "nonoperatingincomeexpense": -37000000,
        "incomelossfromcontinuingoperationsbeforeincometaxesextraordinaryitemsnoncontrollinginterest": -45000000,
        "incometaxexpensebenefit": 1000000,
        "earningspersharebasicanddiluted": -0.42,
        "weightedaveragenumberofshareoutstandingbasicanddiluted": 100327418
    },
    {
        "date": "2012-09-30",
        "symbol": "CHTR",
        "period": "Q3",
        "profitloss": 66000000,
        "revenues": -207000000,
        "operatingcostsandexpenses": 858000000,
        "sellinggeneralandadministrativeexpense": -207000000,
        "depreciationamortizationandaccretionnet": 424000000,
        "costsandexpenses": 38000000,
        "operatingincomeloss": 211000000,
        "interestexpense": 333000000,
        "nonoperatingincomeexpense": -103000000,
        "incomelossfromcontinuingoperationsbeforeincometaxesextraordinaryitemsnoncontrollinginterest": -175000000,
        "incometaxexpensebenefit": 4000000,
        "earningspersharebasicanddiluted": -0.8699999999999999
    },
    {
        "date": "2012-06-30",
        "symbol": "CHTR",
        "period": "Q2",
        "profitloss": 35000000,
        "revenues": -1752000000,
        "operatingcostsandexpenses": 831000000,
        "sellinggeneralandadministrativeexpense": -297000000,
        "depreciationamortizationandaccretionnet": 415000000,
        "othercostandexpenseoperating": -4000000,
        "costsandexpenses": -1522000000,
        "operatingincomeloss": 269000000,
        "interestexpense": -11000000,
        "gainslossesonextinguishmentofdebt": 0,
        "othernonoperatingincomeexpense": 0,
        "nonoperatingincomeexpense": 36000000,
        "incomelossfromcontinuingoperationsbeforeincometaxesextraordinaryitemsnoncontrollinginterest": 15000000,
        "incometaxexpensebenefit": 2000000,
        "earningspersharebasicanddiluted": -0.8300000000000001
    },
    {
        "date": "2012-03-30",
        "symbol": "CHTR",
        "period": "Q1",
        "profitloss": -97000000,
        "derivativeinstrumentsgainlossrecognizedinothercomprehensiveincomeeffectiveportionnet": 1000000,
        "othercomprehensiveincomelossnetoftaxperiodincreasedecrease": -77000000,
        "revenues": 1827000000,
        "operatingcostsandexpenses": 814000000,
        "sellinggeneralandadministrativeexpense": 372000000,
        "depreciationamortizationandaccretionnet": 408000000,
        "othercostandexpenseoperating": 3000000,
        "costsandexpenses": 1597000000,
        "operatingincomeloss": 230000000,
        "interestexpense": 76000000,
        "gainslossesonextinguishmentofdebt": -6000000,
        "othernonoperatingincomeexpense": -1000000,
        "nonoperatingincomeexpense": -28000000,
        "incomelossfromcontinuingoperationsbeforeincometaxesextraordinaryitemsnoncontrollinginterest": -77000000,
        "incometaxexpensebenefit": 2000000,
        "earningspersharebasicanddiluted": -0.95,
        "weightedaveragecommonsharesoutstandingduringperiodbasicanddiluted": 99432960
    },
    {
        "date": "2011-12-30",
        "symbol": "CHTR",
        "period": "Q4",
        "revenues": 1834000000,
        "sellinggeneralandadministrativeexpense": -1219000000,
        "depreciationamortizationandaccretionnet": 411000000,
        "othercostandexpenseoperating": 0,
        "costsandexpenses": 1569000000,
        "operatingincomeloss": 265000000,
        "interestexpense": -719000000,
        "gainslossesonextinguishmentofdebt": 110000000,
        "nonoperatingincomeexpense": 313000000,
        "incomelossfromcontinuingoperationsbeforeincometaxesminorityinterestandincomelossfromequitymethodinvestments": -272000000,
        "incometaxexpensebenefit": -231000000,
        "profitloss": 384000000
    },
    {
        "date": "2011-09-30",
        "symbol": "CHTR",
        "period": "Q3",
        "revenues": 1809000000,
        "operatingcostsandexpenses": 792000000,
        "sellinggeneralandadministrativeexpense": 374000000,
        "depreciationamortizationandaccretionnet": 405000000,
        "othercostandexpenseoperating": 1000000,
        "costsandexpenses": 1572000000,
        "operatingincomeloss": 237000000,
        "interestexpense": 244000000,
        "gainslossesonextinguishmentofdebt": 4000000,
        "othernonoperatingincomeexpense": -2000000,
        "nonoperatingincomeexpense": -250000000,
        "incomelossfromcontinuingoperationsbeforeincometaxesminorityinterestandincomelossfromequitymethodinvestments": -13000000,
        "incometaxexpensebenefit": 72000000,
        "profitloss": -85000000,
        "earningspersharebasicanddiluted": -0.79,
        "weightedaveragecommonsharesoutstandingduringperiodbasicanddiluted": 108420169
    },
    {
        "date": "2011-06-30",
        "symbol": "CHTR",
        "period": "Q2",
        "revenues": 1791000000,
        "operatingexcludingdepreciationandamortization": 784000000,
        "sellinggeneralandadministrativeexpense": 343000000,
        "depreciationamortizationandaccretionnet": 393000000,
        "othercostandexpenseoperating": 1000000,
        "costsandexpenses": 1521000000,
        "operatingincomeloss": 270000000,
        "interestexpense": 241000000,
        "gainslossesonextinguishmentofdebt": -53000000,
        "othernonoperatingincomeexpense": -2000000,
        "nonoperatingincomeexpense": -296000000,
        "incomelossfromcontinuingoperationsbeforeincometaxesminorityinterestandincomelossfromequitymethodinvestments": -26000000,
        "incometaxexpensebenefit": 81000000,
        "profitloss": -107000000,
        "earningspersharebasicanddiluted": -0.98,
        "weightedaveragecommonsharesoutstandingbasicanddiluted": 109265876
    },
    {
        "date": "2011-03-30",
        "symbol": "CHTR",
        "period": "Q1",
        "revenues": 1770000000,
        "operatingexcludingdepreciationandamortization": 768000000,
        "sellinggeneralandadministrativeexpense": 345000000,
        "depreciationamortizationandaccretionnet": 383000000,
        "othercostandexpenseoperating": 5000000,
        "costsandexpenses": 1501000000,
        "operatingincomeloss": 269000000,
        "interestexpense": 233000000,
        "gainslossesonextinguishmentofdebt": -67000000,
        "nonoperatingincomeexpense": -300000000,
        "incomelossfromcontinuingoperationsbeforeincometaxesminorityinterestandincomelossfromequitymethodinvestments": -31000000,
        "incometaxexpensebenefit": 79000000,
        "profitloss": -110000000,
        "earningspersharebasic": -0.97,
        "earningspersharediluted": -0.97,
        "weightedaveragenumberofsharesoutstandingbasic": 113224303,
        "weightedaveragenumberofdilutedsharesoutstanding": 113224303
    }
]