[
    {
        "date": "2024-11-01",
        "symbol": "DKS",
        "period": "Q3",
        "revenuefromcontractwithcustomerexcludingassessedtax": 3057181000,
        "costofgoodsandservicessold": 1963737000,
        "grossprofit": 1093444000,
        "sellinggeneralandadministrativeexpense": 790621000,
        "preopeningcosts": 16779000,
        "operatingincomeloss": 286044000,
        "interestexpense": 12947000,
        "othernonoperatingincomeexpense": 23976000,
        "incomelossfromcontinuingoperationsbeforeincometaxesextraordinaryitemsnoncontrollinginterest": 297073000,
        "incometaxexpensebenefit": 69260000,
        "netincomelossavailabletocommonstockholdersbasic": 227813000,
        "earningspersharebasic": 2.83,
        "earningspersharediluted": 2.75,
        "weightedaveragenumberofsharesoutstandingbasic": 80404000,
        "weightedaveragenumberofdilutedsharesoutstanding": 82776000,
        "othercomprehensiveincomeforeigncurrencytransactionandtranslationadjustmentnetoftaxportionattributabletoparent": -54000,
        "othercomprehensiveincomelossnetoftaxportionattributabletoparent": -54000,
        "comprehensiveincomenetoftax": 227759000
    },
    {
        "date": "2024-08-02",
        "symbol": "DKS",
        "period": "Q2",
        "revenuefromcontractwithcustomerexcludingassessedtax": 3473635000,
        "costofgoodsandservicessold": 2197935000,
        "grossprofit": 1275700000,
        "sellinggeneralandadministrativeexpense": 796673000,
        "preopeningcosts": 8931000,
        "operatingincomeloss": 470096000,
        "interestexpense": 13521000,
        "othernonoperatingincomeexpense": 25756000,
        "incomelossfromcontinuingoperationsbeforeincometaxesextraordinaryitemsnoncontrollinginterest": 482331000,
        "incometaxexpensebenefit": 120101000,
        "netincomelossavailabletocommonstockholdersbasic": 362230000,
        "earningspersharebasic": 4.5,
        "earningspersharediluted": 4.37,
        "weightedaveragenumberofsharesoutstandingbasic": 80432000,
        "weightedaveragenumberofdilutedsharesoutstanding": 82814000,
        "othercomprehensiveincomeforeigncurrencytransactionandtranslationadjustmentnetoftaxportionattributabletoparent": -76000,
        "othercomprehensiveincomelossnetoftaxportionattributabletoparent": -76000,
        "comprehensiveincomenetoftax": 362154000
    },
    {
        "date": "2024-05-03",
        "symbol": "DKS",
        "period": "Q1",
        "revenuefromcontractwithcustomerexcludingassessedtax": 3018383000,
        "costofgoodsandservicessold": 1923090000,
        "grossprofit": 1095293000,
        "sellinggeneralandadministrativeexpense": 743399000,
        "preopeningcosts": 21095000,
        "operatingincomeloss": 330799000,
        "interestexpense": 13835000,
        "othernonoperatingincomeexpense": 25392000,
        "incomelossfromcontinuingoperationsbeforeincometaxesextraordinaryitemsnoncontrollinginterest": 342356000,
        "incometaxexpensebenefit": 67061000,
        "netincomelossavailabletocommonstockholdersbasic": 275295000,
        "earningspersharebasic": 3.42,
        "earningspersharediluted": 3.3,
        "weightedaveragenumberofsharesoutstandingbasic": 80582000,
        "weightedaveragenumberofdilutedsharesoutstanding": 83346000,
        "othercomprehensiveincomeforeigncurrencytransactionandtranslationadjustmentnetoftaxportionattributabletoparent": -60000,
        "othercomprehensiveincomelossnetoftaxportionattributabletoparent": -60000,
        "comprehensiveincomenetoftax": 275235000
    },
    {
        "date": "2024-02-02",
        "symbol": "DKS",
        "period": "Q4",
        "revenuefromcontractwithcustomerexcludingassessedtax": 3876170000,
        "costofgoodsandservicessold": 2541991000,
        "grossprofit": 1334179000,
        "sellinggeneralandadministrativeexpense": 958577000,
        "preopeningcosts": 3563000,
        "operatingincomeloss": 372039000,
        "interestexpense": 14214000,
        "othernonoperatingincomeexpense": 37519000,
        "incomelossfromcontinuingoperationsbeforeincometaxesextraordinaryitemsnoncontrollinginterest": 395344000,
        "incometaxexpensebenefit": 98911000,
        "netincomelossavailabletocommonstockholdersbasic": 296433000,
        "earningspersharebasic": 3.6900000000000013,
        "earningspersharediluted": 3.569999999999999,
        "weightedaveragenumberofsharesoutstandingbasic": 82302000,
        "weightedaveragenumberofdilutedsharesoutstanding": 85925000,
        "othercomprehensiveincomeforeigncurrencytransactionandtranslationadjustmentnetoftaxportionattributabletoparent": 133000,
        "othercomprehensiveincomelossnetoftaxportionattributabletoparent": 133000,
        "comprehensiveincomenetoftax": 296566000
    },
    {
        "date": "2023-10-27",
        "symbol": "DKS",
        "period": "Q3",
        "revenuefromcontractwithcustomerexcludingassessedtax": 3042405000,
        "costofgoodsandservicessold": 1980942000,
        "grossprofit": 1061463000,
        "sellinggeneralandadministrativeexpense": 776037000,
        "preopeningcosts": 12482000,
        "operatingincomeloss": 272944000,
        "interestexpense": 14382000,
        "othernonoperatingincomeexpense": 10084000,
        "incomelossfromcontinuingoperationsbeforeincometaxesextraordinaryitemsnoncontrollinginterest": 268646000,
        "incometaxexpensebenefit": 67540000,
        "netincomelossavailabletocommonstockholdersbasic": 201106000,
        "earningspersharebasic": 2.46,
        "earningspersharediluted": 2.39,
        "weightedaveragenumberofsharesoutstandingbasic": 81772000,
        "weightedaveragenumberofdilutedsharesoutstanding": 84291000,
        "othercomprehensiveincomeforeigncurrencytransactionandtranslationadjustmentnetoftaxportionattributabletoparent": -185000,
        "othercomprehensiveincomelossnetoftaxportionattributabletoparent": -185000,
        "comprehensiveincomenetoftax": 200921000
    },
    {
        "date": "2023-07-28",
        "symbol": "DKS",
        "period": "Q2",
        "revenuefromcontractwithcustomerexcludingassessedtax": 3223643000,
        "costofgoodsandservicessold": 2114167000,
        "grossprofit": 1109476000,
        "sellinggeneralandadministrativeexpense": 775590000,
        "preopeningcosts": 22127000,
        "operatingincomeloss": 311759000,
        "interestexpense": 14384000,
        "othernonoperatingincomeexpense": 28499000,
        "incomelossfromcontinuingoperationsbeforeincometaxesextraordinaryitemsnoncontrollinginterest": 325874000,
        "incometaxexpensebenefit": 81543000,
        "netincomelossavailabletocommonstockholdersbasic": 244331000,
        "earningspersharebasic": 2.9,
        "earningspersharediluted": 2.82,
        "weightedaveragenumberofsharesoutstandingbasic": 84142000,
        "weightedaveragenumberofdilutedsharesoutstanding": 86783000,
        "othercomprehensiveincomeforeigncurrencytransactionandtranslationadjustmentnetoftaxportionattributabletoparent": 68000,
        "othercomprehensiveincomelossnetoftaxportionattributabletoparent": 68000,
        "comprehensiveincomenetoftax": 244399000
    },
    {
        "date": "2023-04-28",
        "symbol": "DKS",
        "period": "Q1",
        "revenuefromcontractwithcustomerexcludingassessedtax": 2842181000,
        "costofgoodsandservicessold": 1813564000,
        "grossprofit": 1028617000,
        "sellinggeneralandadministrativeexpense": 693904000,
        "preopeningcosts": 9090000,
        "operatingincomeloss": 325623000,
        "interestexpense": 15043000,
        "othernonoperatingincomeexpense": 17707000,
        "incomelossfromcontinuingoperationsbeforeincometaxesextraordinaryitemsnoncontrollinginterest": 328287000,
        "incometaxexpensebenefit": 23638000,
        "netincomelossavailabletocommonstockholdersbasic": 304649000,
        "earningspersharebasic": 3.67,
        "earningspersharediluted": 3.4,
        "weightedaveragenumberofsharesoutstandingbasic": 83071000,
        "weightedaveragenumberofdilutedsharesoutstanding": 89664000,
        "othercomprehensiveincomeforeigncurrencytransactionandtranslationadjustmentnetoftaxportionattributabletoparent": -93000,
        "othercomprehensiveincomelossnetoftaxportionattributabletoparent": -93000,
        "comprehensiveincomenetoftax": 304556000
    },
    {
        "date": "2023-01-27",
        "symbol": "DKS",
        "period": "Q4",
        "revenuefromcontractwithcustomerexcludingassessedtax": -8552685000,
        "costofgoodsandservicessold": 2430674000,
        "grossprofit": 1166039000,
        "sellinggeneralandadministrativeexpense": 853054000,
        "preopeningcosts": 2129000,
        "operatingincomeloss": 310856000,
        "interestexpense": 17953000,
        "othernonoperatingincomeexpense": 27508000,
        "incomelossfromcontinuingoperationsbeforeincometaxesextraordinaryitemsnoncontrollinginterest": 320411000,
        "incometaxexpensebenefit": 84790000,
        "netincomelossavailabletocommonstockholdersbasic": 235621000,
        "earningspersharebasic": 2.8600000000000003,
        "earningspersharediluted": 2.609999999999998,
        "weightedaveragenumberofsharesoutstandingbasic": -151908000,
        "weightedaveragenumberofdilutedsharesoutstanding": -206425000,
        "othercomprehensiveincomeforeigncurrencytransactionandtranslationadjustmentnetoftaxportionattributabletoparent": 110000,
        "othercomprehensiveincomelossnetoftaxportionattributabletoparent": 110000,
        "comprehensiveincomenetoftax": 235731000
    },
    {
        "date": "2022-10-28",
        "symbol": "DKS",
        "period": "Q3",
        "revenuefromcontractwithcustomerexcludingassessedtax": 2958861000,
        "costofgoodsandservicessold": 1946438000,
        "grossprofit": 1012423000,
        "sellinggeneralandadministrativeexpense": 679747000,
        "preopeningcosts": 7212000,
        "operatingincomeloss": 325464000,
        "interestexpense": 26131000,
        "othernonoperatingincomeexpense": 4826000,
        "incomelossfromcontinuingoperationsbeforeincometaxesextraordinaryitemsnoncontrollinginterest": 304159000,
        "incometaxexpensebenefit": 75703000,
        "netincomelossavailabletocommonstockholdersbasic": 228456000,
        "earningspersharebasic": 2.94,
        "earningspersharediluted": 2.45,
        "weightedaveragenumberofsharesoutstandingbasic": 77789000,
        "weightedaveragenumberofdilutedsharesoutstanding": 96681000,
        "othercomprehensiveincomeforeigncurrencytransactionandtranslationadjustmentnetoftaxportionattributabletoparent": -277000,
        "othercomprehensiveincomelossnetoftaxportionattributabletoparent": -277000,
        "comprehensiveincomenetoftax": 228179000
    },
    {
        "date": "2022-07-29",
        "symbol": "DKS",
        "period": "Q2",
        "revenuefromcontractwithcustomerexcludingassessedtax": 3112419000,
        "costofgoodsandservicessold": 1991037000,
        "grossprofit": 1121382000,
        "sellinggeneralandadministrativeexpense": 657368000,
        "preopeningcosts": 3836000,
        "operatingincomeloss": 460178000,
        "interestexpense": 25494000,
        "othernonoperatingincomeexpense": -7363000,
        "incomelossfromcontinuingoperationsbeforeincometaxesextraordinaryitemsnoncontrollinginterest": 427321000,
        "incometaxexpensebenefit": 108819000,
        "netincomelossavailabletocommonstockholdersbasic": 318502000,
        "earningspersharebasic": 4.21,
        "earningspersharediluted": 3.25,
        "weightedaveragenumberofsharesoutstandingbasic": 75610000,
        "weightedaveragenumberofdilutedsharesoutstanding": 100389000,
        "othercomprehensiveincomeforeigncurrencytransactionandtranslationadjustmentnetoftaxportionattributabletoparent": 4000,
        "othercomprehensiveincomelossnetoftaxportionattributabletoparent": 4000,
        "comprehensiveincomenetoftax": 318506000
    },
    {
        "date": "2022-04-29",
        "symbol": "DKS",
        "period": "Q1",
        "revenuefromcontractwithcustomerexcludingassessedtax": 2700205000,
        "costofgoodsandservicessold": 1715491000,
        "grossprofit": 984714000,
        "sellinggeneralandadministrativeexpense": 615293000,
        "preopeningcosts": 2900000,
        "operatingincomeloss": 366521000,
        "interestexpense": 25642000,
        "othernonoperatingincomeexpense": -9022000,
        "incomelossfromcontinuingoperationsbeforeincometaxesextraordinaryitemsnoncontrollinginterest": 331857000,
        "incometaxexpensebenefit": 71298000,
        "netincomelossavailabletocommonstockholdersbasic": 260559000,
        "earningspersharebasic": 3.42,
        "earningspersharediluted": 2.47,
        "weightedaveragenumberofsharesoutstandingbasic": 76181000,
        "weightedaveragenumberofdilutedsharesoutstanding": 108629000,
        "othercomprehensiveincomeforeigncurrencytransactionandtranslationadjustmentnetoftaxportionattributabletoparent": -7000,
        "othercomprehensiveincomelossnetoftaxportionattributabletoparent": -7000,
        "comprehensiveincomenetoftax": 260552000
    },
    {
        "date": "2022-01-28",
        "symbol": "DKS",
        "period": "Q4",
        "revenuefromcontractwithcustomerexcludingassessedtax": -5830989000,
        "costofgoodsandservicessold": 3922646000,
        "grossprofit": 2348233000,
        "sellinggeneralandadministrativeexpense": 783578000,
        "preopeningcosts": 755000,
        "operatingincomeloss": 475273000,
        "interestexpense": 16868000,
        "othernonoperatingincomeexpense": 1881000,
        "incomelossfromcontinuingoperationsbeforeincometaxesextraordinaryitemsnoncontrollinginterest": 460286000,
        "incometaxexpensebenefit": 114193000,
        "netincomelossavailabletocommonstockholdersbasic": 346093000,
        "earningspersharebasic": 4.350000000000001,
        "earningspersharediluted": 3.1499999999999995,
        "weightedaveragenumberofsharesoutstandingbasic": -169616000,
        "weightedaveragenumberofdilutedsharesoutstanding": -219367000,
        "othercomprehensiveincomeforeigncurrencytransactionandtranslationadjustmentnetoftaxportionattributabletoparent": -91000,
        "othercomprehensiveincomelossnetoftaxportionattributabletoparent": -91000,
        "comprehensiveincomenetoftax": 346002000
    },
    {
        "date": "2021-10-29",
        "symbol": "DKS",
        "period": "Q3",
        "revenuefromcontractwithcustomerexcludingassessedtax": 2747647000,
        "costofgoodsandservicessold": 1691071000,
        "grossprofit": 1056576000,
        "sellinggeneralandadministrativeexpense": 631943000,
        "preopeningcosts": 4765000,
        "operatingincomeloss": 419868000,
        "interestexpense": 13789000,
        "othernonoperatingincomeexpense": 1748000,
        "incomelossfromcontinuingoperationsbeforeincometaxesextraordinaryitemsnoncontrollinginterest": 407827000,
        "incometaxexpensebenefit": 91314000,
        "netincomelossavailabletocommonstockholdersbasic": 316513000,
        "earningspersharebasic": 3.79,
        "earningspersharediluted": 2.78,
        "weightedaveragenumberofsharesoutstandingbasic": 83537000,
        "weightedaveragenumberofdilutedsharesoutstanding": 113664000,
        "othercomprehensiveincomeforeigncurrencytransactionandtranslationadjustmentnetoftaxportionattributabletoparent": 15000,
        "othercomprehensiveincomelossnetoftaxportionattributabletoparent": 15000,
        "comprehensiveincomenetoftax": 316528000
    },
    {
        "date": "2021-07-30",
        "symbol": "DKS",
        "period": "Q2",
        "revenuefromcontractwithcustomerexcludingassessedtax": 3274842000,
        "costofgoodsandservicessold": 1967765000,
        "grossprofit": 1307077000,
        "sellinggeneralandadministrativeexpense": 640268000,
        "preopeningcosts": 3256000,
        "operatingincomeloss": 663553000,
        "interestexpense": 13801000,
        "othernonoperatingincomeexpense": 6795000,
        "incomelossfromcontinuingoperationsbeforeincometaxesextraordinaryitemsnoncontrollinginterest": 656547000,
        "incometaxexpensebenefit": 161038000,
        "netincomelossavailabletocommonstockholdersbasic": 495509000,
        "earningspersharebasic": 5.86,
        "earningspersharediluted": 4.53,
        "weightedaveragenumberofsharesoutstandingbasic": 84512000,
        "weightedaveragenumberofdilutedsharesoutstanding": 109271000,
        "othercomprehensiveincomeforeigncurrencytransactionandtranslationadjustmentnetoftaxportionattributabletoparent": -21000,
        "othercomprehensiveincomelossnetoftaxportionattributabletoparent": -21000,
        "comprehensiveincomenetoftax": 495488000
    },
    {
        "date": "2021-04-30",
        "symbol": "DKS",
        "period": "Q1",
        "revenuefromcontractwithcustomerexcludingassessedtax": 2918719000,
        "costofgoodsandservicessold": 1830092000,
        "grossprofit": 1088627000,
        "sellinggeneralandadministrativeexpense": 608294000,
        "preopeningcosts": 4524000,
        "operatingincomeloss": 475809000,
        "interestexpense": 13381000,
        "othernonoperatingincomeexpense": 7350000,
        "incomelossfromcontinuingoperationsbeforeincometaxesextraordinaryitemsnoncontrollinginterest": 469778000,
        "incometaxexpensebenefit": 108022000,
        "netincomelossavailabletocommonstockholdersbasic": 361756000,
        "earningspersharebasic": 4.27,
        "earningspersharediluted": 3.41,
        "weightedaveragenumberofsharesoutstandingbasic": 84750000,
        "weightedaveragenumberofdilutedsharesoutstanding": 106010000,
        "othercomprehensiveincomeforeigncurrencytransactionandtranslationadjustmentnetoftaxportionattributabletoparent": 64000,
        "othercomprehensiveincomelossnetoftaxportionattributabletoparent": 64000,
        "comprehensiveincomenetoftax": 361820000
    },
    {
        "date": "2021-01-29",
        "symbol": "DKS",
        "period": "Q4",
        "revenuefromcontractwithcustomerexcludingassessedtax": 3125307000,
        "costofgoodsandservicessold": 2072977000,
        "grossprofit": 1052330000,
        "sellinggeneralandadministrativeexpense": 761163000,
        "preopeningcosts": 967000,
        "operatingincomeloss": 290200000,
        "interestexpense": 13316000,
        "othernonoperatingincomeexpense": 14338000,
        "incomelossfromcontinuingoperationsbeforeincometaxesextraordinaryitemsnoncontrollinginterest": 291222000,
        "incometaxexpensebenefit": 71608000,
        "netincomelossavailabletocommonstockholdersbasic": 219614000,
        "earningspersharebasic": 2.6099999999999994,
        "earningspersharediluted": 2.4699999999999998,
        "weightedaveragenumberofsharesoutstandingbasic": -168028000,
        "weightedaveragenumberofdilutedsharesoutstanding": -176492000,
        "othercomprehensiveincomeforeigncurrencytransactionandtranslationadjustmentnetoftaxportionattributabletoparent": 65000,
        "othercomprehensiveincomelossnetoftaxportionattributabletoparent": 65000,
        "comprehensiveincomenetoftax": 219679000
    },
    {
        "date": "2020-10-30",
        "symbol": "DKS",
        "period": "Q3",
        "revenuefromcontractwithcustomerexcludingassessedtax": 2412112000,
        "costofgoodsandservicessold": 1569938000,
        "grossprofit": 842174000,
        "sellinggeneralandadministrativeexpense": 591117000,
        "preopeningcosts": 4964000,
        "operatingincomeloss": 246093000,
        "interestexpense": 12769000,
        "othernonoperatingincomeexpense": 3746000,
        "incomelossfromcontinuingoperationsbeforeincometaxesextraordinaryitemsnoncontrollinginterest": 237070000,
        "incometaxexpensebenefit": 59854000,
        "netincomelossavailabletocommonstockholdersbasic": 177216000,
        "earningspersharebasic": 2.1,
        "earningspersharediluted": 1.84,
        "weightedaveragenumberofsharesoutstandingbasic": 84422000,
        "weightedaveragenumberofdilutedsharesoutstanding": 96571000,
        "othercomprehensiveincomeforeigncurrencytransactionandtranslationadjustmentnetoftaxportionattributabletoparent": 16000,
        "othercomprehensiveincomelossnetoftaxportionattributabletoparent": 16000,
        "comprehensiveincomenetoftax": 177232000
    },
    {
        "date": "2020-07-31",
        "symbol": "DKS",
        "period": "Q2",
        "revenuefromcontractwithcustomerexcludingassessedtax": 2713372000,
        "costofgoodsandservicessold": 1776497000,
        "grossprofit": 936875000,
        "sellinggeneralandadministrativeexpense": 543033000,
        "preopeningcosts": 2485000,
        "operatingincomeloss": 391357000,
        "interestexpense": 14682000,
        "othernonoperatingincomeexpense": 14508000,
        "incomelossfromcontinuingoperationsbeforeincometaxesextraordinaryitemsnoncontrollinginterest": 391183000,
        "incometaxexpensebenefit": 114340000,
        "netincomelossavailabletocommonstockholdersbasic": 276843000,
        "earningspersharebasic": 3.29,
        "earningspersharediluted": 3.12,
        "weightedaveragenumberofsharesoutstandingbasic": 84130000,
        "weightedaveragenumberofdilutedsharesoutstanding": 88826000,
        "othercomprehensiveincomeforeigncurrencytransactionandtranslationadjustmentnetoftaxportionattributabletoparent": 53000,
        "othercomprehensiveincomelossnetoftaxportionattributabletoparent": 53000,
        "comprehensiveincomenetoftax": 276896000
    },
    {
        "date": "2020-05-01",
        "symbol": "DKS",
        "period": "Q1",
        "revenuefromcontractwithcustomerexcludingassessedtax": 1333228000,
        "costofgoodsandservicessold": 1113900000,
        "grossprofit": 219328000,
        "sellinggeneralandadministrativeexpense": 403221000,
        "preopeningcosts": 2280000,
        "operatingincomeloss": -186173000,
        "interestexpense": 8045000,
        "othernonoperatingincomeexpense": -13522000,
        "incomelossfromcontinuingoperationsbeforeincometaxesextraordinaryitemsnoncontrollinginterest": -207740000,
        "incometaxexpensebenefit": -64318000,
        "netincomelossavailabletocommonstockholdersbasic": -143422000,
        "earningspersharebasic": -1.71,
        "earningspersharediluted": -1.71,
        "weightedaveragenumberofsharesoutstandingbasic": 83734000,
        "weightedaveragenumberofdilutedsharesoutstanding": 83734000,
        "othercomprehensiveincomeforeigncurrencytransactionandtranslationadjustmentnetoftaxportionattributabletoparent": -63000,
        "othercomprehensiveincomelossnetoftaxportionattributabletoparent": -63000,
        "comprehensiveincomenetoftax": -143485000
    },
    {
        "date": "2020-01-31",
        "symbol": "DKS",
        "period": "Q4",
        "revenuefromcontractwithcustomerexcludingassessedtax": 2608650000,
        "costofgoodsandservicessold": 1875614000,
        "grossprofit": 733036000,
        "sellinggeneralandadministrativeexpense": 633743000,
        "preopeningcosts": 381000,
        "operatingincomeloss": 98912000,
        "interestexpense": 4103000,
        "othernonoperatingincomeexpense": 4984000,
        "incomelossfromcontinuingoperationsbeforeincometaxesextraordinaryitemsnoncontrollinginterest": 99793000,
        "incometaxexpensebenefit": 29974000,
        "netincomelossavailabletocommonstockholdersbasic": 69819000,
        "earningspersharebasic": 0.8199999999999997,
        "earningspersharediluted": 0.8099999999999997,
        "weightedaveragenumberofsharesoutstandingbasic": -178513000,
        "weightedaveragenumberofdilutedsharesoutstanding": -181323000,
        "comprehensiveincomenetoftax": 69815000
    },
    {
        "date": "2019-11-01",
        "symbol": "DKS",
        "period": "Q3",
        "netincomelossavailabletocommonstockholdersbasic": 57584000,
        "othercomprehensiveincomeforeigncurrencytransactionandtranslationadjustmentnetoftaxportionattributabletoparent": 6000,
        "othercomprehensiveincomelossnetoftaxportionattributabletoparent": 6000,
        "comprehensiveincomenetoftax": 57590000,
        "revenuefromcontractwithcustomerexcludingassessedtax": 1962204000,
        "costofgoodsandservicessold": 1381562000,
        "grossprofit": 580642000,
        "sellinggeneralandadministrativeexpense": 531704000,
        "preopeningcosts": 3313000,
        "operatingincomeloss": 45625000,
        "gainlossonsaleofbusiness": 33779000,
        "interestexpense": 4278000,
        "othernonoperatingincomeexpense": 2020000,
        "incomelossfromcontinuingoperationsbeforeincometaxesextraordinaryitemsnoncontrollinginterest": 77146000,
        "incometaxexpensebenefit": 19562000,
        "earningspersharebasic": 0.68,
        "earningspersharediluted": 0.66,
        "weightedaveragenumberofsharesoutstandingbasic": 85048000,
        "weightedaveragenumberofdilutedsharesoutstanding": 86601000
    },
    {
        "date": "2019-08-02",
        "symbol": "DKS",
        "period": "Q2",
        "netincomelossavailabletocommonstockholdersbasic": 112534000,
        "othercomprehensiveincomeforeigncurrencytransactionandtranslationadjustmentnetoftaxportionattributabletoparent": 17000,
        "othercomprehensiveincomelossnetoftaxportionattributabletoparent": 17000,
        "comprehensiveincomenetoftax": 112551000,
        "revenuefromcontractwithcustomerexcludingassessedtax": 2259212000,
        "costofgoodsandservicessold": 1582141000,
        "grossprofit": 677071000,
        "sellinggeneralandadministrativeexpense": 521072000,
        "preopeningcosts": 996000,
        "operatingincomeloss": 155003000,
        "interestexpense": 5550000,
        "othernonoperatingincomeexpense": 1582000,
        "incomelossfromcontinuingoperationsbeforeincometaxesextraordinaryitemsnoncontrollinginterest": 151035000,
        "incometaxexpensebenefit": 38501000,
        "earningspersharebasic": 1.28,
        "earningspersharediluted": 1.26,
        "weightedaveragenumberofsharesoutstandingbasic": 88080000,
        "weightedaveragenumberofdilutedsharesoutstanding": 89400000
    },
    {
        "date": "2019-05-03",
        "symbol": "DKS",
        "period": "Q1",
        "netincomelossavailabletocommonstockholdersbasic": 57525000,
        "othercomprehensiveincomeforeigncurrencytransactionandtranslationadjustmentnetoftaxportionattributabletoparent": -19000,
        "othercomprehensiveincomelossnetoftaxportionattributabletoparent": -19000,
        "comprehensiveincomenetoftax": 57506000,
        "revenuefromcontractwithcustomerexcludingassessedtax": 1920677000,
        "costofgoodsandservicessold": 1356868000,
        "grossprofit": 563809000,
        "sellinggeneralandadministrativeexpense": 487158000,
        "preopeningcosts": 578000,
        "operatingincomeloss": 76073000,
        "interestexpense": 3081000,
        "othernonoperatingincomeexpense": 6738000,
        "incomelossfromcontinuingoperationsbeforeincometaxesextraordinaryitemsnoncontrollinginterest": 79730000,
        "incometaxexpensebenefit": 22205000,
        "earningspersharebasic": 0.62,
        "earningspersharediluted": 0.61,
        "weightedaveragenumberofsharesoutstandingbasic": 92887000,
        "weightedaveragenumberofdilutedsharesoutstanding": 94388000
    },
    {
        "date": "2019-02-01",
        "symbol": "DKS",
        "period": "Q4",
        "netincomelossavailabletocommonstockholdersbasic": 102555000,
        "othercomprehensiveincomeforeigncurrencytransactionandtranslationadjustmentnetoftaxportionattributabletoparent": -2000,
        "othercomprehensiveincomelossnetoftaxportionattributabletoparent": -2000,
        "comprehensiveincomenetoftax": 102553000,
        "costofgoodsandservicessold": 1797512000,
        "grossprofit": 694578000,
        "sellinggeneralandadministrativeexpense": 552232000,
        "preopeningcosts": 338000,
        "operatingincomeloss": 142008000,
        "interestexpense": 1936000,
        "othernonoperatingincomeexpense": -3798000,
        "incomelossfromcontinuingoperationsbeforeincometaxesextraordinaryitemsnoncontrollinginterest": 136274000,
        "incometaxexpensebenefit": 33719000,
        "earningspersharebasic": 1.08,
        "earningspersharediluted": 1.06,
        "weightedaveragenumberofsharesoutstandingbasic": -199034000,
        "weightedaveragenumberofdilutedsharesoutstanding": -200853000
    },
    {
        "date": "2018-11-02",
        "symbol": "DKS",
        "period": "Q3",
        "netincomelossavailabletocommonstockholdersbasic": 37827000,
        "othercomprehensiveincomeforeigncurrencytransactionandtranslationadjustmentnetoftaxportionattributabletoparent": 2000,
        "othercomprehensiveincomelossnetoftaxportionattributabletoparent": 2000,
        "comprehensiveincomenetoftax": 37829000,
        "revenuefromcontractwithcustomerexcludingassessedtax": 30000000,
        "costofgoodsandservicessold": 1333719000,
        "grossprofit": 523554000,
        "sellinggeneralandadministrativeexpense": 468691000,
        "preopeningcosts": 1997000,
        "operatingincomeloss": 52866000,
        "interestexpense": 2606000,
        "othernonoperatingincomeexpense": -68000,
        "incomelossfromcontinuingoperationsbeforeincometaxesextraordinaryitemsnoncontrollinginterest": 50192000,
        "incometaxexpensebenefit": 12365000,
        "earningspersharebasic": 0.39,
        "earningspersharediluted": 0.39,
        "weightedaveragenumberofsharesoutstandingbasic": 96677000,
        "weightedaveragenumberofdilutedsharesoutstanding": 97890000,
        "commonstockdividendspersharedeclared": 0.225
    },
    {
        "date": "2018-08-03",
        "symbol": "DKS",
        "period": "Q2",
        "netincomelossavailabletocommonstockholdersbasic": 119397000,
        "othercomprehensiveincomeforeigncurrencytransactionandtranslationadjustmentnetoftaxportionattributabletoparent": -20000,
        "othercomprehensiveincomelossnetoftaxportionattributabletoparent": -20000,
        "comprehensiveincomenetoftax": 119377000,
        "revenuefromcontractwithcustomerexcludingassessedtax": 29000000,
        "costofgoodsandservicessold": 1518207000,
        "grossprofit": 659281000,
        "sellinggeneralandadministrativeexpense": 495325000,
        "preopeningcosts": 1429000,
        "operatingincomeloss": 162527000,
        "interestexpense": 3050000,
        "othernonoperatingincomeexpense": 2187000,
        "incomelossfromcontinuingoperationsbeforeincometaxesextraordinaryitemsnoncontrollinginterest": 161664000,
        "incometaxexpensebenefit": 42267000,
        "earningspersharebasic": 1.21,
        "earningspersharediluted": 1.2,
        "weightedaveragenumberofsharesoutstandingbasic": 98716000,
        "weightedaveragenumberofdilutedsharesoutstanding": 99591000,
        "commonstockdividendspersharedeclared": 0.225
    },
    {
        "date": "2018-05-04",
        "symbol": "DKS",
        "period": "Q1",
        "netincomelossavailabletocommonstockholdersbasic": 60085000,
        "othercomprehensiveincomeforeigncurrencytransactionandtranslationadjustmentnetoftaxportionattributabletoparent": -22000,
        "othercomprehensiveincomelossnetoftaxportionattributabletoparent": -22000,
        "comprehensiveincomenetoftax": 60063000,
        "salesrevenuenet": 41000000,
        "costofgoodsandservicessold": 1349350000,
        "grossprofit": 560369000,
        "sellinggeneralandadministrativeexpense": 470328000,
        "preopeningcosts": 2709000,
        "operatingincomeloss": 87332000,
        "interestexpense": 2656000,
        "othernonoperatingincomeexpense": -886000,
        "incomelossfromcontinuingoperationsbeforeincometaxesextraordinaryitemsnoncontrollinginterest": 83790000,
        "incometaxexpensebenefit": 23705000,
        "earningspersharebasic": 0.59,
        "earningspersharediluted": 0.59,
        "weightedaveragenumberofsharesoutstandingbasic": 101384000,
        "weightedaveragenumberofdilutedsharesoutstanding": 102153000,
        "commonstockdividendspersharedeclared": 0.225
    },
    {
        "date": "2018-02-02",
        "symbol": "DKS",
        "period": "Q4",
        "netincomelossavailabletocommonstockholdersbasic": 115952000,
        "othercomprehensiveincomeforeigncurrencytransactionandtranslationadjustmentnetoftaxportionattributabletoparent": 7000,
        "othercomprehensiveincomelossnetoftaxportionattributabletoparent": 7000,
        "comprehensiveincomenetoftax": 115959000,
        "salesrevenuenet": -5838350000,
        "costofgoodsandservicessold": 1888269000,
        "grossprofit": 775853000,
        "sellinggeneralandadministrativeexpense": 596856000,
        "preopeningcosts": 682000,
        "operatingincomeloss": 178315000,
        "interestexpense": 1728000,
        "othernonoperatingincomeexpense": 3693000,
        "incomelossfromcontinuingoperationsbeforeincometaxesextraordinaryitemsnoncontrollinginterest": 180280000,
        "incometaxexpensebenefit": 1600000,
        "earningspersharebasic": 1.0999999999999999,
        "earningspersharediluted": 1.1099999999999997,
        "weightedaveragenumberofsharesoutstandingbasic": -217105000,
        "weightedaveragenumberofdilutedsharesoutstanding": -218313000
    },
    {
        "date": "2017-10-27",
        "symbol": "DKS",
        "period": "Q3",
        "netincomelossavailabletocommonstockholdersbasic": 36913000,
        "othercomprehensiveincomeforeigncurrencytransactionandtranslationadjustmentnetoftaxportionattributabletoparent": -7000,
        "othercomprehensiveincomelossnetoftaxportionattributabletoparent": -7000,
        "comprehensiveincomenetoftax": 36906000,
        "salesrevenuenet": 1944187000,
        "costofgoodsandservicessold": 1410067000,
        "grossprofit": 534120000,
        "sellinggeneralandadministrativeexpense": 475899000,
        "preopeningcosts": 8220000,
        "operatingincomeloss": 50001000,
        "interestexpense": 2839000,
        "othernonoperatingincomeexpense": 10768000,
        "incomelossfromcontinuingoperationsbeforeincometaxesextraordinaryitemsnoncontrollinginterest": 57930000,
        "incometaxexpensebenefit": 100000,
        "earningspersharebasic": 0.35,
        "earningspersharediluted": 0.35,
        "weightedaveragenumberofsharesoutstandingbasic": 105466000,
        "weightedaveragenumberofdilutedsharesoutstanding": 105814000,
        "commonstockdividendspersharedeclared": 0.17
    },
    {
        "date": "2017-07-28",
        "symbol": "DKS",
        "period": "Q2",
        "netincomelossavailabletocommonstockholdersbasic": 112385000,
        "othercomprehensiveincomeforeigncurrencytransactionandtranslationadjustmentnetoftaxportionattributabletoparent": 81000,
        "othercomprehensiveincomelossnetoftaxportionattributabletoparent": 81000,
        "comprehensiveincomenetoftax": 112466000,
        "salesrevenuenet": 2156911000,
        "costofgoodsandservicessold": 1519689000,
        "grossprofit": 637222000,
        "sellinggeneralandadministrativeexpense": 470267000,
        "preopeningcosts": 7765000,
        "operatingincomeloss": 159190000,
        "interestexpense": 2216000,
        "othernonoperatingincomeexpense": 14470000,
        "incomelossfromcontinuingoperationsbeforeincometaxesextraordinaryitemsnoncontrollinginterest": 171444000,
        "incometaxexpensebenefit": 100000,
        "earningspersharebasic": 1.04,
        "earningspersharediluted": 1.03,
        "weightedaveragenumberofsharesoutstandingbasic": 108175000,
        "weightedaveragenumberofdilutedsharesoutstanding": 108679000,
        "commonstockdividendspersharedeclared": 0.17
    },
    {
        "date": "2017-04-28",
        "symbol": "DKS",
        "period": "Q1",
        "netincomelossavailabletocommonstockholdersbasic": 58195000,
        "othercomprehensiveincomeforeigncurrencytransactionandtranslationadjustmentnetoftaxportionattributabletoparent": -27000,
        "othercomprehensiveincomelossnetoftaxportionattributabletoparent": -27000,
        "comprehensiveincomenetoftax": 58168000,
        "salesrevenuenet": 1825252000,
        "costofgoodsandservicessold": 1283387000,
        "grossprofit": 541865000,
        "sellinggeneralandadministrativeexpense": 439341000,
        "preopeningcosts": 12456000,
        "operatingincomeloss": 90068000,
        "interestexpense": 1264000,
        "othernonoperatingincomeexpense": 2879000,
        "incomelossfromcontinuingoperationsbeforeincometaxesextraordinaryitemsnoncontrollinginterest": 91683000,
        "incometaxexpensebenefit": -900000,
        "earningspersharebasic": 0.53,
        "earningspersharediluted": 0.52,
        "weightedaveragenumberofsharesoutstandingbasic": 110441000,
        "weightedaveragenumberofdilutedsharesoutstanding": 111406000,
        "commonstockdividendspersharedeclared": 0.17
    },
    {
        "date": "2017-01-27",
        "symbol": "DKS",
        "period": "Q4",
        "netincomelossavailabletocommonstockholdersbasic": 90188000,
        "othercomprehensiveincomeforeigncurrencytransactionandtranslationadjustmentnetoftaxportionattributabletoparent": 15000,
        "othercomprehensiveincomelossnetoftaxportionattributabletoparent": 15000,
        "comprehensiveincomenetoftax": 90203000,
        "salesrevenuenet": -5375547000,
        "costofgoodsandservicessold": 1763669000,
        "grossprofit": 719765000,
        "sellinggeneralandadministrativeexpense": 575572000,
        "preopeningcosts": 5977000,
        "operatingincomeloss": 138216000,
        "interestexpense": 1842000,
        "othernonoperatingincomeexpense": 6649000,
        "incomelossfromcontinuingoperationsbeforeincometaxesextraordinaryitemsnoncontrollinginterest": 143023000,
        "incometaxexpensebenefit": 52835000,
        "earningspersharebasic": 0.8200000000000001,
        "earningspersharediluted": 0.8000000000000003,
        "weightedaveragenumberofsharesoutstandingbasic": -222889000,
        "weightedaveragenumberofdilutedsharesoutstanding": -225004000
    },
    {
        "date": "2016-10-28",
        "symbol": "DKS",
        "period": "Q3",
        "netincomelossavailabletocommonstockholdersbasic": 48914000,
        "othercomprehensiveincomeforeigncurrencytransactionandtranslationadjustmentnetoftaxportionattributabletoparent": -22000,
        "othercomprehensiveincomelossnetoftaxportionattributabletoparent": -22000,
        "comprehensiveincomenetoftax": 48892000,
        "salesrevenuenet": 1810347000,
        "costofgoodsandservicessold": 1257504000,
        "grossprofit": 552843000,
        "sellinggeneralandadministrativeexpense": 459782000,
        "preopeningcosts": 19304000,
        "operatingincomeloss": 73757000,
        "interestexpense": 1265000,
        "othernonoperatingincomeexpense": 3778000,
        "incomelossfromcontinuingoperationsbeforeincometaxesextraordinaryitemsnoncontrollinginterest": 76270000,
        "incometaxexpensebenefit": 27356000,
        "earningspersharebasic": 0.44,
        "earningspersharediluted": 0.44,
        "weightedaveragenumberofsharesoutstandingbasic": 110607000,
        "weightedaveragenumberofdilutedsharesoutstanding": 111826000,
        "commonstockdividendspersharedeclared": 0.15125
    },
    {
        "date": "2016-07-29",
        "symbol": "DKS",
        "period": "Q2",
        "netincomelossavailabletocommonstockholdersbasic": 91417000,
        "othercomprehensiveincomeforeigncurrencytransactionandtranslationadjustmentnetoftaxportionattributabletoparent": -38000,
        "othercomprehensiveincomelossnetoftaxportionattributabletoparent": -38000,
        "comprehensiveincomenetoftax": 91379000,
        "salesrevenuenet": 1967857000,
        "costofgoodsandservicessold": 1370479000,
        "grossprofit": 597378000,
        "sellinggeneralandadministrativeexpense": 441721000,
        "preopeningcosts": 8487000,
        "operatingincomeloss": 147170000,
        "interestexpense": 1618000,
        "othernonoperatingincomeexpense": 1930000,
        "incomelossfromcontinuingoperationsbeforeincometaxesextraordinaryitemsnoncontrollinginterest": 147482000,
        "incometaxexpensebenefit": 56065000,
        "earningspersharebasic": 0.82,
        "earningspersharediluted": 0.82,
        "weightedaveragenumberofsharesoutstandingbasic": 111272000,
        "weightedaveragenumberofdilutedsharesoutstanding": 112118000,
        "commonstockdividendspersharedeclared": 0.15125
    },
    {
        "date": "2016-04-29",
        "symbol": "DKS",
        "period": "Q1",
        "netincomelossavailabletocommonstockholdersbasic": 56877000,
        "othercomprehensiveincomeforeigncurrencytransactionandtranslationadjustmentnetoftaxportionattributabletoparent": 92000,
        "othercomprehensiveincomelossnetoftaxportionattributabletoparent": 92000,
        "comprehensiveincomenetoftax": 56969000,
        "salesrevenuenet": 1660343000,
        "costofgoodsandservicessold": 1164546000,
        "grossprofit": 495797000,
        "sellinggeneralandadministrativeexpense": 398568000,
        "preopeningcosts": 6518000,
        "operatingincomeloss": 90711000,
        "interestexpense": 1131000,
        "othernonoperatingincomeexpense": 2067000,
        "incomelossfromcontinuingoperationsbeforeincometaxesextraordinaryitemsnoncontrollinginterest": 91647000,
        "incometaxexpensebenefit": 34770000,
        "earningspersharebasic": 0.51,
        "earningspersharediluted": 0.5,
        "weightedaveragenumberofsharesoutstandingbasic": 112105000,
        "weightedaveragenumberofdilutedsharesoutstanding": 113276000,
        "commonstockdividendspersharedeclared": 0.15125
    },
    {
        "date": "2016-01-29",
        "symbol": "DKS",
        "period": "Q4",
        "netincomelossavailabletocommonstockholdersbasic": 128992000,
        "othercomprehensiveincomeforeigncurrencytransactionandtranslationadjustmentnetoftaxportionattributabletoparent": -54000,
        "othercomprehensiveincomelossnetoftaxportionattributabletoparent": -54000,
        "comprehensiveincomenetoftax": 128938000,
        "salesrevenuenet": -4979914000,
        "costofgoodsandservicessold": 1568086000,
        "grossprofit": 671965000,
        "sellinggeneralandadministrativeexpense": 461389000,
        "preopeningcosts": 2784000,
        "operatingincomeloss": 207792000,
        "interestexpense": 1462000,
        "othernonoperatingincomeexpense": -1117000,
        "incomelossfromcontinuingoperationsbeforeincometaxesextraordinaryitemsnoncontrollinginterest": 205213000,
        "incometaxexpensebenefit": 76221000,
        "earningspersharebasic": 1.14,
        "earningspersharediluted": 1.1199999999999999,
        "weightedaveragenumberofsharesoutstandingbasic": -233073000,
        "weightedaveragenumberofdilutedsharesoutstanding": -236423000
    },
    {
        "date": "2015-10-30",
        "symbol": "DKS",
        "period": "Q3",
        "netincomelossavailabletocommonstockholdersbasic": 47215000,
        "othercomprehensiveincomeforeigncurrencytransactionandtranslationadjustmentnetoftaxportionattributabletoparent": -16000,
        "othercomprehensiveincomelossnetoftaxportionattributabletoparent": -16000,
        "comprehensiveincomenetoftax": 47199000,
        "salesrevenuenet": 1642627000,
        "costofgoodsandservicessold": 1154251000,
        "grossprofit": 488376000,
        "sellinggeneralandadministrativeexpense": 395015000,
        "preopeningcosts": 16280000,
        "operatingincomeloss": 77081000,
        "interestexpense": 1076000,
        "othernonoperatingincomeexpense": -1185000,
        "incomelossfromcontinuingoperationsbeforeincometaxesextraordinaryitemsnoncontrollinginterest": 74820000,
        "incometaxexpensebenefit": 27605000,
        "earningspersharebasic": 0.41,
        "earningspersharediluted": 0.41,
        "weightedaveragenumberofsharesoutstandingbasic": 114978000,
        "weightedaveragenumberofdilutedsharesoutstanding": 116506000,
        "commonstockdividendspersharedeclared": 0.1375
    },
    {
        "date": "2015-07-31",
        "symbol": "DKS",
        "period": "Q2",
        "netincomelossavailabletocommonstockholdersbasic": 90839000,
        "othercomprehensiveincomeforeigncurrencytransactionandtranslationadjustmentnetoftaxportionattributabletoparent": -67000,
        "othercomprehensiveincomelossnetoftaxportionattributabletoparent": -67000,
        "comprehensiveincomenetoftax": 90772000,
        "salesrevenuenet": 1822979000,
        "costofgoodsandservicessold": 1269421000,
        "grossprofit": 553558000,
        "sellinggeneralandadministrativeexpense": 395935000,
        "preopeningcosts": 9216000,
        "operatingincomeloss": 148407000,
        "interestexpense": 840000,
        "othernonoperatingincomeexpense": -153000,
        "incomelossfromcontinuingoperationsbeforeincometaxesextraordinaryitemsnoncontrollinginterest": 147414000,
        "incometaxexpensebenefit": 56575000,
        "earningspersharebasic": 0.78,
        "earningspersharediluted": 0.77,
        "weightedaveragenumberofsharesoutstandingbasic": 116281000,
        "weightedaveragenumberofdilutedsharesoutstanding": 117805000,
        "commonstockdividendspersharedeclared": 0.1375
    },
    {
        "date": "2015-05-01",
        "symbol": "DKS",
        "period": "Q1",
        "netincomelossavailabletocommonstockholdersbasic": 63345000,
        "othercomprehensiveincomeforeigncurrencytransactionandtranslationadjustmentnetoftaxportionattributabletoparent": 31000,
        "othercomprehensiveincomelossnetoftaxportionattributabletoparent": 31000,
        "comprehensiveincomenetoftax": 63376000,
        "salesrevenuenet": 1565308000,
        "costofgoodsandservicessold": 1096320000,
        "grossprofit": 468988000,
        "sellinggeneralandadministrativeexpense": 360736000,
        "preopeningcosts": 6340000,
        "operatingincomeloss": 101912000,
        "interestexpense": 634000,
        "othernonoperatingincomeexpense": 2150000,
        "incomelossfromcontinuingoperationsbeforeincometaxesextraordinaryitemsnoncontrollinginterest": 103428000,
        "incometaxexpensebenefit": 40083000,
        "earningspersharebasic": 0.54,
        "earningspersharediluted": 0.53,
        "weightedaveragenumberofsharesoutstandingbasic": 117044000,
        "weightedaveragenumberofdilutedsharesoutstanding": 118906000,
        "commonstockdividendspersharedeclared": 0.1375
    },
    {
        "date": "2015-01-30",
        "symbol": "DKS",
        "period": "Q4",
        "netincomelossavailabletocommonstockholdersbasic": 155536000,
        "othercomprehensiveincomeforeigncurrencytransactionandtranslationadjustmentnetoftaxportionattributabletoparent": -88000,
        "othercomprehensiveincomelossnetoftaxportionattributabletoparent": -88000,
        "comprehensiveincomenetoftax": 155448000,
        "salesrevenuenet": -4609473000,
        "costofgoodsandservicessold": 1468751000,
        "grossprofit": 691255000,
        "sellinggeneralandadministrativeexpense": 438738000,
        "preopeningcosts": 2038000,
        "operatingincomeloss": 250479000,
        "interestexpense": 984000,
        "othernonoperatingincomeexpense": 307000,
        "incomelossfromcontinuingoperationsbeforeincometaxesextraordinaryitemsnoncontrollinginterest": 249802000,
        "incometaxexpensebenefit": 94266000,
        "earningspersharebasic": 1.31,
        "earningspersharediluted": 1.29,
        "weightedaveragenumberofsharesoutstandingbasic": -239986000,
        "weightedaveragenumberofdilutedsharesoutstanding": -243964000
    },
    {
        "date": "2014-10-31",
        "symbol": "DKS",
        "period": "Q3",
        "netincomelossavailabletocommonstockholdersbasic": 49211000,
        "othercomprehensiveincomeforeigncurrencytransactionandtranslationadjustmentnetoftaxportionattributabletoparent": -25000,
        "othercomprehensiveincomelossnetoftaxportionattributabletoparent": -25000,
        "comprehensiveincomenetoftax": 49186000,
        "salesrevenuenet": 1526675000,
        "costofgoodsandservicessold": 1074703000,
        "grossprofit": 451972000,
        "sellinggeneralandadministrativeexpense": 357708000,
        "preopeningcosts": 14334000,
        "operatingincomeloss": 79930000,
        "interestexpense": 858000,
        "othernonoperatingincomeexpense": 486000,
        "incomelossfromcontinuingoperationsbeforeincometaxesextraordinaryitemsnoncontrollinginterest": 79558000,
        "incometaxexpensebenefit": 30347000,
        "earningspersharebasic": 0.42,
        "earningspersharediluted": 0.41,
        "weightedaveragenumberofsharesoutstandingbasic": 118142000,
        "weightedaveragenumberofdilutedsharesoutstanding": 120002000,
        "commonstockdividendspersharedeclared": 0.125
    },
    {
        "date": "2014-08-01",
        "symbol": "DKS",
        "period": "Q2",
        "netincomelossavailabletocommonstockholdersbasic": 69467000,
        "othercomprehensiveincomeforeigncurrencytransactionandtranslationadjustmentnetoftaxportionattributabletoparent": 9000,
        "othercomprehensiveincomelossnetoftaxportionattributabletoparent": 9000,
        "comprehensiveincomenetoftax": 69476000,
        "salesrevenuenet": 1688890000,
        "costofgoodsandservicessold": 1186334000,
        "grossprofit": 502556000,
        "sellinggeneralandadministrativeexpense": 383054000,
        "preopeningcosts": 7940000,
        "operatingincomeloss": 111562000,
        "interestexpense": 763000,
        "othernonoperatingincomeexpense": 2013000,
        "incomelossfromcontinuingoperationsbeforeincometaxesextraordinaryitemsnoncontrollinginterest": 112812000,
        "incometaxexpensebenefit": 43345000,
        "earningspersharebasic": 0.58,
        "earningspersharediluted": 0.57,
        "weightedaveragenumberofsharesoutstandingbasic": 119950000,
        "weightedaveragenumberofdilutedsharesoutstanding": 121840000,
        "commonstockdividendspersharedeclared": 0.125
    },
    {
        "date": "2014-05-02",
        "symbol": "DKS",
        "period": "Q1",
        "netincomelossavailabletocommonstockholdersbasic": 69984000,
        "othercomprehensiveincomeforeigncurrencytransactionandtranslationadjustmentnetoftaxportionattributabletoparent": 7000,
        "othercomprehensiveincomelossnetoftaxportionattributabletoparent": 7000,
        "comprehensiveincomenetoftax": 69991000,
        "salesrevenuenet": 1438908000,
        "costofgoodsandservicessold": 998025000,
        "grossprofit": 440883000,
        "sellinggeneralandadministrativeexpense": 322589000,
        "preopeningcosts": 6206000,
        "operatingincomeloss": 112088000,
        "interestexpense": 610000,
        "othernonoperatingincomeexpense": 2364000,
        "incomelossfromcontinuingoperationsbeforeincometaxesextraordinaryitemsnoncontrollinginterest": 113842000,
        "incometaxexpensebenefit": 43858000,
        "earningspersharebasic": 0.58,
        "earningspersharediluted": 0.57,
        "weightedaveragenumberofsharesoutstandingbasic": 121138000,
        "weightedaveragenumberofdilutedsharesoutstanding": 123360000,
        "commonstockdividendspersharedeclared": 0.125
    },
    {
        "date": "2014-01-31",
        "symbol": "DKS",
        "period": "Q4",
        "netincomelossavailabletocommonstockholdersbasic": 138637000,
        "othercomprehensiveincomeforeigncurrencytransactionandtranslationadjustmentnetoftaxportionattributabletoparent": -54000,
        "comprehensiveincomenetoftax": 138583000,
        "salesrevenuenet": -2992755000,
        "costofgoodsandservicessold": 1319351000,
        "grossprofit": 628067000,
        "sellinggeneralandadministrativeexpense": 402933000,
        "preopeningcosts": 2087000,
        "operatingincomeloss": 223047000,
        "interestexpense": 848000,
        "othernonoperatingincomeexpense": 1550000,
        "earningspersharebasic": 1.1299999999999997,
        "earningspersharediluted": 1.1,
        "weightedaveragenumberofsharesoutstandingbasic": -245946000,
        "weightedaveragenumberofdilutedsharesoutstanding": -251669000
    },
    {
        "date": "2013-11-01",
        "symbol": "DKS",
        "period": "Q3",
        "netincomelossavailabletocommonstockholdersbasic": 49977000,
        "othercomprehensiveincomeforeigncurrencytransactionandtranslationadjustmentnetoftaxportionattributabletoparent": -3000,
        "comprehensiveincomenetoftax": 49974000,
        "salesrevenuenet": 1400623000,
        "costofgoodsandservicessold": 975724000,
        "grossprofit": 424899000,
        "sellinggeneralandadministrativeexpense": 333724000,
        "preopeningcosts": 12122000,
        "operatingincomeloss": 79053000,
        "interestexpense": 696000,
        "othernonoperatingincomeexpense": 2735000,
        "incomelossfromcontinuingoperationsbeforeincometaxesextraordinaryitemsnoncontrollinginterest": 81092000,
        "incometaxexpensebenefit": 31115000,
        "earningspersharebasic": 0.41,
        "earningspersharediluted": 0.4,
        "weightedaveragenumberofsharesoutstandingbasic": 123221000,
        "weightedaveragenumberofdilutedsharesoutstanding": 125842000,
        "commonstockdividendspersharedeclared": 0.125
    },
    {
        "date": "2013-08-02",
        "symbol": "DKS",
        "period": "Q2",
        "netincomelossavailabletocommonstockholdersbasic": 84163000,
        "othercomprehensiveincomeforeigncurrencytransactionandtranslationadjustmentnetoftaxportionattributabletoparent": -25000,
        "comprehensiveincomenetoftax": 84138000,
        "salesrevenuenet": 1531431000,
        "costofgoodsandservicessold": 1052101000,
        "grossprofit": 479330000,
        "sellinggeneralandadministrativeexpense": 336950000,
        "preopeningcosts": 5285000,
        "operatingincomeloss": 137095000,
        "interestexpense": 716000,
        "othernonoperatingincomeexpense": 1735000,
        "incomelossfromcontinuingoperationsbeforeincometaxesminorityinterestandincomelossfromequitymethodinvestments": 138114000,
        "incometaxexpensebenefit": 53951000,
        "earningspersharebasic": 0.68,
        "earningspersharediluted": 0.67,
        "weightedaveragenumberofsharesoutstandingbasic": 122901000,
        "weightedaveragenumberofdilutedsharesoutstanding": 125593000,
        "commonstockdividendspersharedeclared": 0.125
    },
    {
        "date": "2013-05-03",
        "symbol": "DKS",
        "period": "Q1",
        "netincomelossavailabletocommonstockholdersbasic": 64821000,
        "othercomprehensiveincomeforeigncurrencytransactionandtranslationadjustmentnetoftaxportionattributabletoparent": -6000,
        "comprehensiveincomenetoftax": 64815000,
        "salesrevenuenet": 1333701000,
        "costofgoodsandservicessold": 922047000,
        "grossprofit": 411654000,
        "sellinggeneralandadministrativeexpense": 312708000,
        "preopeningcosts": 1329000,
        "operatingincomeloss": 97617000,
        "interestexpense": 669000,
        "othernonoperatingincomeexpense": 6204000,
        "incomelossfromcontinuingoperationsbeforeincometaxesminorityinterestandincomelossfromequitymethodinvestments": 103152000,
        "incometaxexpensebenefitcontinuingoperations": 38331000,
        "earningspersharebasic": 0.53,
        "earningspersharediluted": 0.52,
        "weightedaveragenumberofsharesoutstandingbasic": 122702000,
        "weightedaveragenumberofdilutedsharesoutstanding": 125862000,
        "commonstockdividendspersharedeclared": 0.125
    },
    {
        "date": "2012-10-26",
        "symbol": "DKS",
        "period": "Q3",
        "salesrevenuenet": 1312073000,
        "costofgoodsandservicessold": 905948000,
        "grossprofit": 406125000,
        "sellinggeneralandadministrativeexpense": 314636000,
        "preopeningcosts": 9294000,
        "operatingincomeloss": 82195000,
        "interestexpense": 860000,
        "othernonoperatingincomeexpense": 1112000,
        "incomelossfromcontinuingoperationsbeforeincometaxesminorityinterestandincomelossfromequitymethodinvestments": 82447000,
        "incometaxexpensebenefitcontinuingoperations": 32308000,
        "netincomelossavailabletocommonstockholdersbasic": 50139000,
        "earningspersharebasic": 0.41000000000000014,
        "earningspersharediluted": 0.4000000000000001,
        "weightedaveragenumberofsharesoutstandingbasic": -120261000,
        "weightedaveragenumberofdilutedsharesoutstanding": -125711000,
        "commonstockdividendspersharedeclared": 0.125,
        "othercomprehensiveincomeunrealizedholdinggainlossonsecuritiesarisingduringperiodnetoftax": 314000,
        "othercomprehensiveincomeforeigncurrencytransactionandtranslationadjustmentnetoftaxportionattributabletoparent": 8000,
        "comprehensiveincomenetoftax": 50147000
    },
    {
        "date": "2012-07-27",
        "symbol": "DKS",
        "period": "Q2",
        "salesrevenuenet": 1437041000,
        "costofgoodsandservicessold": 989261000,
        "grossprofit": 447780000,
        "sellinggeneralandadministrativeexpense": 310864000,
        "preopeningcosts": 2276000,
        "operatingincomeloss": 134640000,
        "otherthantemporaryimpairmentlossesinvestmentsportionrecognizedinearningsnetavailableforsalesecurities": 30346875,
        "interestexpense": 1000000,
        "othernonoperatingincomeexpense": -54000,
        "incomelossfromcontinuingoperationsbeforeincometaxesminorityinterestandincomelossfromequitymethodinvestments": 101216000,
        "incometaxexpensebenefitcontinuingoperations": 47553000,
        "netincomelossavailabletocommonstockholdersbasic": 53663000,
        "earningspersharebasic": 0.45,
        "earningspersharediluted": 0.43,
        "weightedaveragenumberofsharesoutstandingbasic": 119928000,
        "weightedaveragenumberofdilutedsharesoutstanding": 124533000,
        "commonstockdividendspersharedeclared": 0.125,
        "othercomprehensiveincomeunrealizedholdinggainlossonsecuritiesarisingduringperiodnetoftax": -31250000,
        "othercomprehensiveincomelossreclassificationadjustmentforwritedownofsecuritiesincludedinnetincomenetoftax": 27636000,
        "othercomprehensiveincomeforeigncurrencytransactionandtranslationadjustmentnetoftaxportionattributabletoparent": -19000,
        "comprehensiveincomenetoftax": 50030000
    },
    {
        "date": "2012-04-27",
        "symbol": "DKS",
        "period": "Q1",
        "salesrevenuenet": 1281704000,
        "costofgoodsandservicessold": 887097000,
        "grossprofit": 394607000,
        "sellinggeneralandadministrativeexpense": 296131000,
        "preopeningcosts": 2741000,
        "operatingincomeloss": 95735000,
        "interestexpense": 3449000,
        "othernonoperatingincomeexpense": 1865000,
        "incomelossfromcontinuingoperationsbeforeincometaxesminorityinterestandincomelossfromequitymethodinvestments": 94151000,
        "incometaxexpensebenefitcontinuingoperations": 36994000,
        "netincomelossavailabletocommonstockholdersbasic": 57157000,
        "earningspersharebasic": 0.47,
        "earningspersharediluted": 0.45,
        "weightedaveragenumberofsharesoutstandingbasic": 121514000,
        "weightedaveragenumberofdilutedsharesoutstanding": 127003000,
        "commonstockdividendspersharedeclared": 0.125,
        "othercomprehensiveincomeunrealizedholdinggainlossonsecuritiesarisingduringperiodnetoftax": 3300000,
        "othercomprehensiveincomeforeigncurrencytransactionandtranslationadjustmentnetoftaxportionattributabletoparent": 7000,
        "comprehensiveincomenetoftax": 60778000
    },
    {
        "date": "2011-10-28",
        "symbol": "DKS",
        "period": "Q3",
        "salesrevenuenet": 1179702000,
        "costofgoodsandservicessold": 829111000,
        "grossprofit": 350591000,
        "sellinggeneralandadministrativeexpense": 272234000,
        "preopeningcosts": 6796000,
        "operatingincomeloss": 71561000,
        "interestexpense": 3540000,
        "othernonoperatingincomeexpense": -1568000,
        "incomelossfromcontinuingoperationsbeforeincometaxesminorityinterestandincomelossfromequitymethodinvestments": 66453000,
        "incometaxexpensebenefit": 24969000,
        "earningspersharebasic": 0.35000000000000003,
        "earningspersharediluted": 0.33,
        "weightedaveragenumberofsharesoutstandingbasic": -119568000,
        "weightedaveragenumberofdilutedsharesoutstanding": -125618000,
        "othercomprehensiveincomeunrealizedholdinggainlossonsecuritiesarisingduringperiodnetoftax": 0,
        "comprehensiveincomenetoftax": 41458000
    },
    {
        "date": "2011-07-29",
        "symbol": "DKS",
        "period": "Q2",
        "salesrevenuenet": 1306695000,
        "costofgoodsandservicessold": 905620000,
        "grossprofit": 401075000,
        "sellinggeneralandadministrativeexpense": 285729000,
        "preopeningcosts": 3655000,
        "operatingincomeloss": 111691000,
        "gainonsaleofinvestments": 13900000,
        "interestexpense": 3480000,
        "othernonoperatingincomeexpense": -517000,
        "incomelossfromcontinuingoperationsbeforeincometaxesminorityinterestandincomelossfromequitymethodinvestments": 121594000,
        "incometaxexpensebenefit": 47746000,
        "netincomeloss": 73848000,
        "earningspersharebasic": 0.61,
        "earningspersharediluted": 0.59,
        "weightedaveragenumberofsharesoutstandingbasic": 120207000,
        "weightedaveragenumberofdilutedsharesoutstanding": 125836000,
        "othercomprehensiveincomeunrealizedholdinggainlossonsecuritiesarisingduringperiodnetoftax": 105000,
        "othercomprehensiveincomereclassificationadjustmentforsaleofsecuritiesincludedinnetincomenetoftax": 8738000,
        "othercomprehensiveincomeforeigncurrencytransactionandtranslationadjustmentnetoftaxperiodincreasedecrease": 7000,
        "comprehensiveincomenetoftax": 65222000
    },
    {
        "date": "2011-04-29",
        "symbol": "DKS",
        "period": "Q1",
        "salesrevenuenet": 1113849000,
        "costofgoodsandservicessold": 783406000,
        "grossprofit": 330443000,
        "sellinggeneralandadministrativeexpense": 263735000,
        "preopeningcosts": 2266000,
        "operatingincomeloss": 64442000,
        "interestexpense": 3484000,
        "othernonoperatingincomeexpense": 1108000,
        "incomelossfromcontinuingoperationsbeforeincometaxesminorityinterestandincomelossfromequitymethodinvestments": 62066000,
        "incometaxexpensebenefit": 24568000,
        "netincomeloss": 37498000,
        "earningspersharebasic": 0.31,
        "earningspersharediluted": 0.3,
        "weightedaveragenumberofsharesoutstandingbasic": 119361000,
        "weightedaveragenumberofdilutedsharesoutstanding": 125367000,
        "othercomprehensiveincomeunrealizedholdinggainlossonsecuritiesarisingduringperiodnetoftax": 2014000,
        "othercomprehensiveincomeforeigncurrencytransactionandtranslationadjustmentnetoftaxperiodincreasedecrease": 22000,
        "comprehensiveincomenetoftax": 39534000
    },
    {
        "date": "2010-10-29",
        "symbol": "DKS",
        "period": "Q3",
        "salesrevenuenet": 1078984000,
        "costofgoodsandservicessold": 771913000,
        "grossprofit": 307071000,
        "sellinggeneralandadministrativeexpense": 272467000,
        "preopeningcosts": 6396000,
        "operatingincomeloss": 28208000,
        "interestexpense": 3518000,
        "othernonoperatingincomeexpense": 1177000,
        "incomelossfromcontinuingoperationsbeforeincometaxesminorityinterestandincomelossfromequitymethodinvestments": 25867000,
        "incometaxexpensebenefit": 9004000,
        "netincomeloss": 16863000,
        "earningspersharebasic": 0.15,
        "earningspersharediluted": 0.14,
        "weightedaveragenumberofsharesoutstandingbasic": 116024000,
        "weightedaveragenumberofdilutedsharesoutstanding": 121408000,
        "othercomprehensiveincomeunrealizedholdinggainlossonsecuritiesarisingduringperiodnetoftax": 590000,
        "othercomprehensiveincomeforeigncurrencytransactionandtranslationadjustmentnetoftaxperiodincreasedecrease": 1000,
        "comprehensiveincomenetoftax": 17454000
    },
    {
        "date": "2010-07-30",
        "symbol": "DKS",
        "period": "Q2",
        "salesrevenuenet": 1226063000,
        "costofgoodsandservicessold": 865918000,
        "grossprofit": 360145000,
        "sellinggeneralandadministrativeexpense": 271372000,
        "preopeningcosts": 715000,
        "operatingincomeloss": 88058000,
        "interestexpense": 3502000,
        "othernonoperatingincomeexpense": -646000,
        "incomelossfromcontinuingoperationsbeforeincometaxesminorityinterestandincomelossfromequitymethodinvestments": 83910000,
        "incometaxexpensebenefit": 32394000,
        "netincomeloss": 51516000,
        "earningspersharebasic": 0.44,
        "earningspersharediluted": 0.43,
        "weightedaveragenumberofsharesoutstandingbasic": 115815000,
        "weightedaveragenumberofdilutedsharesoutstanding": 121039000,
        "othercomprehensiveincomeunrealizedholdinggainlossonsecuritiesarisingduringperiodnetoftax": -1470000,
        "othercomprehensiveincomeforeigncurrencytransactionandtranslationadjustmentnetoftaxperiodincreasedecrease": -16000,
        "comprehensiveincomenetoftax": 50030000
    }
]