[
    {
        "date": "2024-09-29",
        "symbol": "PINS",
        "period": "Q3",
        "revenuefromcontractwithcustomerexcludingassessedtax": 659300000,
        "costofrevenue": 187453000,
        "researchanddevelopmentexpense": 326679000,
        "sellingandmarketingexpense": 249033000,
        "generalandadministrativeexpense": 141124000,
        "costsandexpenses": 904289000,
        "operatingincomeloss": -5916000,
        "interestincomeexpensenonoperatingnet": 32477000,
        "othernonoperatingincomeexpense": 3237000,
        "incomelossfromcontinuingoperationsbeforeincometaxesextraordinaryitemsnoncontrollinginterest": 29798000,
        "incometaxexpensebenefit": -758000,
        "netincomeloss": 30556000,
        "earningspersharebasic": 0.05,
        "earningspersharediluted": 0.04,
        "weightedaveragenumberofsharesoutstandingbasic": 82629000,
        "weightedaveragenumberofdilutedsharesoutstanding": 82629000,
        "othercomprehensiveincomeavailableforsalesecuritiesadjustmentnetoftaxportionattributabletoparent": 6783000,
        "othercomprehensiveincomeforeigncurrencytransactionandtranslationadjustmentnetoftaxportionattributabletoparent": 1185000,
        "comprehensiveincomenetoftax": 38524000
    },
    {
        "date": "2024-06-29",
        "symbol": "PINS",
        "period": "Q2",
        "revenuefromcontractwithcustomerexcludingassessedtax": 853680000,
        "costofrevenue": 184856000,
        "researchanddevelopmentexpense": 312837000,
        "sellingandmarketingexpense": 265354000,
        "generalandadministrativeexpense": 112074000,
        "costsandexpenses": 875121000,
        "operatingincomeloss": -21441000,
        "interestincomeexpensenonoperatingnet": 34680000,
        "othernonoperatingincomeexpense": -4596000,
        "incomelossfromcontinuingoperationsbeforeincometaxesextraordinaryitemsnoncontrollinginterest": 8643000,
        "incometaxexpensebenefit": -244000,
        "netincomeloss": 8887000,
        "earningspersharebasic": 0.01,
        "earningspersharediluted": 0.01,
        "weightedaveragenumberofsharesoutstandingbasic": 683171000,
        "weightedaveragenumberofdilutedsharesoutstanding": 708258000,
        "othercomprehensiveincomeavailableforsalesecuritiesadjustmentnetoftaxportionattributabletoparent": -110000,
        "othercomprehensiveincomeforeigncurrencytransactionandtranslationadjustmentnetoftaxportionattributabletoparent": 680000,
        "comprehensiveincomenetoftax": 9457000
    },
    {
        "date": "2024-03-30",
        "symbol": "PINS",
        "period": "Q1",
        "revenuefromcontractwithcustomerexcludingassessedtax": 739983000,
        "costofrevenue": 181091000,
        "researchanddevelopmentexpense": 280275000,
        "sellingandmarketingexpense": 226289000,
        "generalandadministrativeexpense": 106744000,
        "costsandexpenses": 794399000,
        "operatingincomeloss": -54416000,
        "interestincomeexpensenonoperatingnet": 31266000,
        "othernonoperatingincomeexpense": -4526000,
        "incomelossfromcontinuingoperationsbeforeincometaxesextraordinaryitemsnoncontrollinginterest": -27676000,
        "incometaxexpensebenefit": -2864000,
        "netincomeloss": -24812000,
        "earningspersharebasic": -0.04,
        "earningspersharediluted": -0.04,
        "weightedaveragenumberofsharesoutstandingbasic": 678819000,
        "weightedaveragenumberofdilutedsharesoutstanding": 678819000,
        "othercomprehensiveincomeavailableforsalesecuritiesadjustmentnetoftaxportionattributabletoparent": -1421000,
        "othercomprehensiveincomeforeigncurrencytransactionandtranslationadjustmentnetoftaxportionattributabletoparent": -181000,
        "comprehensiveincomenetoftax": -26414000
    },
    {
        "date": "2023-12-30",
        "symbol": "PINS",
        "period": "Q4",
        "revenuefromcontractwithcustomerexcludingassessedtax": 981262000,
        "costofrevenue": 178096000,
        "researchanddevelopmentexpense": 267981000,
        "sellingandmarketingexpense": 240867000,
        "generalandadministrativeexpense": 98068000,
        "costsandexpenses": 785012000,
        "operatingincomeloss": 196250000,
        "incomelossfromcontinuingoperationsbeforeincometaxesextraordinaryitemsnoncontrollinginterest": 231102000,
        "incometaxexpensebenefit": 29924000,
        "netincomeloss": 201178000,
        "earningspersharebasic": 0.3,
        "earningspersharediluted": 0.3,
        "weightedaveragenumberofsharesoutstandingbasic": 674641000,
        "weightedaveragenumberofdilutedsharesoutstanding": 674641000,
        "othercomprehensiveincomeavailableforsalesecuritiesadjustmentnetoftaxportionattributabletoparent": 5597000,
        "othercomprehensiveincomeforeigncurrencytransactionandtranslationadjustmentnetoftaxportionattributabletoparent": 839000,
        "comprehensiveincomenetoftax": 207614000
    },
    {
        "date": "2023-09-29",
        "symbol": "PINS",
        "period": "Q3",
        "revenuefromcontractwithcustomerexcludingassessedtax": 763203000,
        "costofrevenue": 170998000,
        "researchanddevelopmentexpense": 264698000,
        "sellingandmarketingexpense": 225929000,
        "generalandadministrativeexpense": 106577000,
        "costsandexpenses": 768202000,
        "operatingincomeloss": -4999000,
        "interestincomeexpensenonoperatingnet": 26691000,
        "othernonoperatingincomeexpense": -4596000,
        "incomelossfromcontinuingoperationsbeforeincometaxesextraordinaryitemsnoncontrollinginterest": 17096000,
        "incometaxexpensebenefit": 10363000,
        "netincomeloss": 6733000,
        "earningspersharebasic": 0.01,
        "earningspersharediluted": 0.01,
        "weightedaveragenumberofsharesoutstandingbasic": 669261000,
        "weightedaveragenumberofdilutedsharesoutstanding": 687101000,
        "othercomprehensiveincomeavailableforsalesecuritiesadjustmentnetoftaxportionattributabletoparent": 1646000,
        "othercomprehensiveincomeforeigncurrencytransactionandtranslationadjustmentnetoftaxportionattributabletoparent": -389000,
        "comprehensiveincomenetoftax": 7990000
    },
    {
        "date": "2023-06-29",
        "symbol": "PINS",
        "period": "Q2",
        "revenuefromcontractwithcustomerexcludingassessedtax": 708025000,
        "costofrevenue": 168740000,
        "researchanddevelopmentexpense": 269391000,
        "sellingandmarketingexpense": 243239000,
        "generalandadministrativeexpense": 99898000,
        "costsandexpenses": 781268000,
        "operatingincomeloss": -73243000,
        "investmentincomeinterest": 24888000,
        "interestexpenseandothernonoperatingexpenseincomenet": -2180000,
        "incomelossfromcontinuingoperationsbeforeincometaxesextraordinaryitemsnoncontrollinginterest": -46175000,
        "incometaxexpensebenefit": -11233000,
        "netincomeloss": -34942000,
        "earningspersharebasic": -0.05,
        "earningspersharediluted": -0.05,
        "weightedaveragenumberofsharesoutstandingbasic": 674280000,
        "weightedaveragenumberofdilutedsharesoutstanding": 674280000,
        "othercomprehensiveincomeavailableforsalesecuritiesadjustmentnetoftaxportionattributabletoparent": -1198000,
        "othercomprehensiveincomeforeigncurrencytransactionandtranslationadjustmentnetoftaxportionattributabletoparent": -376000,
        "comprehensiveincomenetoftax": -36516000
    },
    {
        "date": "2023-03-30",
        "symbol": "PINS",
        "period": "Q1",
        "revenuefromcontractwithcustomerexcludingassessedtax": 602581000,
        "costofrevenue": 170926000,
        "researchanddevelopmentexpense": 266346000,
        "sellingandmarketingexpense": 201131000,
        "generalandadministrativeexpense": 207864000,
        "costsandexpenses": 846267000,
        "operatingincomeloss": -243686000,
        "investmentincomeinterest": 24901000,
        "interestexpenseandothernonoperatingexpenseincomenet": -322000,
        "incomelossfromcontinuingoperationsbeforeincometaxesextraordinaryitemsnoncontrollinginterest": -218463000,
        "incometaxexpensebenefit": -9884000,
        "netincomeloss": -208579000,
        "earningspersharebasic": -0.31,
        "earningspersharediluted": -0.31,
        "weightedaveragenumberofsharesoutstandingbasic": 681140000,
        "weightedaveragenumberofdilutedsharesoutstanding": 681140000,
        "othercomprehensiveincomeavailableforsalesecuritiesadjustmentnetoftaxportionattributabletoparent": 3956000,
        "othercomprehensiveincomeforeigncurrencytransactionandtranslationadjustmentnetoftaxportionattributabletoparent": 331000,
        "comprehensiveincomenetoftax": -204292000
    },
    {
        "date": "2022-12-30",
        "symbol": "PINS",
        "period": "Q4",
        "revenuefromcontractwithcustomerexcludingassessedtax": 877209000,
        "costofrevenue": 185028000,
        "researchanddevelopmentexpense": 265240000,
        "sellingandmarketingexpense": 317270000,
        "generalandadministrativeexpense": 103803000,
        "costsandexpenses": 871341000,
        "operatingincomeloss": 5868000,
        "investmentincomeinterest": 17172000,
        "interestexpenseandothernonoperatingexpenseincomenet": -5734000,
        "incomelossfromcontinuingoperationsbeforeincometaxesextraordinaryitemsnoncontrollinginterest": 28774000,
        "incometaxexpensebenefit": 11283000,
        "netincomeloss": 17491000,
        "earningspersharebasic": 0.04,
        "earningspersharediluted": 0.04,
        "weightedaveragenumberofsharesoutstandingbasic": -1322580000,
        "weightedaveragenumberofdilutedsharesoutstanding": -1322580000,
        "othercomprehensiveincomeavailableforsalesecuritiesadjustmentnetoftaxportionattributabletoparent": 3476000,
        "othercomprehensiveincomeforeigncurrencytransactionandtranslationadjustmentnetoftaxportionattributabletoparent": 1210000,
        "comprehensiveincomenetoftax": 22177000
    },
    {
        "date": "2022-09-29",
        "symbol": "PINS",
        "period": "Q3",
        "revenuefromcontractwithcustomerexcludingassessedtax": 684550000,
        "costofrevenue": 182603000,
        "researchanddevelopmentexpense": 254684000,
        "sellingandmarketingexpense": 229873000,
        "generalandadministrativeexpense": 86765000,
        "costsandexpenses": 753925000,
        "operatingincomeloss": -69375000,
        "investmentincomeinterest": 9318000,
        "interestexpenseandothernonoperatingexpenseincomenet": 10116000,
        "incomelossfromcontinuingoperationsbeforeincometaxesextraordinaryitemsnoncontrollinginterest": -70173000,
        "incometaxexpensebenefit": -4992000,
        "netincomeloss": -65181000,
        "earningspersharebasic": -0.1,
        "earningspersharediluted": -0.1,
        "weightedaveragenumberofsharesoutstandingbasic": 669171000,
        "weightedaveragenumberofdilutedsharesoutstanding": 669171000,
        "othercomprehensiveincomeavailableforsalesecuritiesadjustmentnetoftaxportionattributabletoparent": -1772000,
        "othercomprehensiveincomeforeigncurrencytransactionandtranslationadjustmentnetoftaxportionattributabletoparent": -1075000,
        "comprehensiveincomenetoftax": -68028000
    },
    {
        "date": "2022-06-29",
        "symbol": "PINS",
        "period": "Q2",
        "revenuefromcontractwithcustomerexcludingassessedtax": 665930000,
        "costofrevenue": 164896000,
        "researchanddevelopmentexpense": 233508000,
        "sellingandmarketingexpense": 212037000,
        "generalandadministrativeexpense": 89994000,
        "costsandexpenses": 700435000,
        "operatingincomeloss": -34505000,
        "investmentincomeinterest": 3365000,
        "interestexpenseandothernonoperatingexpenseincomenet": 9252000,
        "incomelossfromcontinuingoperationsbeforeincometaxesextraordinaryitemsnoncontrollinginterest": -40392000,
        "incometaxexpensebenefit": 2684000,
        "netincomeloss": -43076000,
        "earningspersharebasic": -0.07,
        "earningspersharediluted": -0.07,
        "weightedaveragenumberofsharesoutstandingbasic": 662242000,
        "weightedaveragenumberofdilutedsharesoutstanding": 662242000,
        "othercomprehensiveincomeavailableforsalesecuritiesadjustmentnetoftaxportionattributabletoparent": -2194000,
        "othercomprehensiveincomeforeigncurrencytransactionandtranslationadjustmentnetoftaxportionattributabletoparent": -805000,
        "comprehensiveincomenetoftax": -46075000
    },
    {
        "date": "2022-03-30",
        "symbol": "PINS",
        "period": "Q1",
        "revenuefromcontractwithcustomerexcludingassessedtax": 574885000,
        "costofrevenue": 146070000,
        "researchanddevelopmentexpense": 195548000,
        "sellingandmarketingexpense": 173953000,
        "generalandadministrativeexpense": 62979000,
        "costsandexpenses": 578550000,
        "operatingincomeloss": -3665000,
        "investmentincomeinterest": 1088000,
        "interestexpenseandothernonoperatingexpenseincomenet": 1576000,
        "incomelossfromcontinuingoperationsbeforeincometaxesextraordinaryitemsnoncontrollinginterest": -4153000,
        "incometaxexpensebenefit": 1128000,
        "netincomeloss": -5281000,
        "earningspersharebasic": -0.01,
        "earningspersharediluted": -0.01,
        "weightedaveragenumberofsharesoutstandingbasic": 656899000,
        "weightedaveragenumberofdilutedsharesoutstanding": 656899000,
        "othercomprehensiveincomeavailableforsalesecuritiesadjustmentnetoftaxportionattributabletoparent": -7844000,
        "othercomprehensiveincomeforeigncurrencytransactionandtranslationadjustmentnetoftaxportionattributabletoparent": -234000,
        "comprehensiveincomenetoftax": -13359000
    },
    {
        "date": "2021-12-30",
        "symbol": "PINS",
        "period": "Q4",
        "revenuefromcontractwithcustomerexcludingassessedtax": 846655000,
        "costofrevenue": 141248000,
        "researchanddevelopmentexpense": 240856000,
        "sellingandmarketingexpense": 190525000,
        "generalandadministrativeexpense": 94578000,
        "costsandexpenses": 667207000,
        "operatingincomeloss": 179448000,
        "investmentincomeinterest": 822000,
        "interestexpenseandothernonoperatingexpenseincomenet": 3429000,
        "incomelossfromcontinuingoperationsbeforeincometaxesextraordinaryitemsnoncontrollinginterest": 176841000,
        "incometaxexpensebenefit": 2142000,
        "netincomeloss": 174699000,
        "othercomprehensiveincomeavailableforsalesecuritiesadjustmentnetoftaxportionattributabletoparent": -2646000,
        "othercomprehensiveincomeforeigncurrencytransactionandtranslationadjustmentnetoftaxportionattributabletoparent": -162000,
        "comprehensiveincomenetoftax": 171891000
    },
    {
        "date": "2021-09-29",
        "symbol": "PINS",
        "period": "Q3",
        "revenuefromcontractwithcustomerexcludingassessedtax": 632932000,
        "costofrevenue": 126783000,
        "researchanddevelopmentexpense": 185949000,
        "sellingandmarketingexpense": 156092000,
        "generalandadministrativeexpense": 65659000,
        "costsandexpenses": 534483000,
        "operatingincomeloss": 98449000,
        "investmentincomeinterest": 765000,
        "interestexpenseandothernonoperatingexpenseincomenet": 4765000,
        "incomelossfromcontinuingoperationsbeforeincometaxesextraordinaryitemsnoncontrollinginterest": 94449000,
        "incometaxexpensebenefit": 453000,
        "netincomeloss": 93996000,
        "earningspersharebasic": 0.15,
        "earningspersharediluted": 0.14,
        "weightedaveragenumberofsharesoutstandingbasic": 643979000,
        "weightedaveragenumberofdilutedsharesoutstanding": 691853000,
        "othercomprehensiveincomeavailableforsalesecuritiesadjustmentnetoftaxportionattributabletoparent": -265000,
        "othercomprehensiveincomeforeigncurrencytransactionandtranslationadjustmentnetoftaxportionattributabletoparent": -256000,
        "comprehensiveincomenetoftax": 93475000
    },
    {
        "date": "2021-06-29",
        "symbol": "PINS",
        "period": "Q2",
        "revenuefromcontractwithcustomerexcludingassessedtax": 613210000,
        "costofrevenue": 127819000,
        "researchanddevelopmentexpense": 181731000,
        "sellingandmarketingexpense": 164340000,
        "generalandadministrativeexpense": 68122000,
        "costsandexpenses": 542012000,
        "operatingincomeloss": 71198000,
        "investmentincomeinterest": 1125000,
        "interestexpenseandothernonoperatingexpenseincomenet": -337000,
        "incomelossfromcontinuingoperationsbeforeincometaxesextraordinaryitemsnoncontrollinginterest": 72660000,
        "incometaxexpensebenefit": 3243000,
        "netincomeloss": 69417000,
        "earningspersharebasic": 0.11,
        "earningspersharediluted": 0.1,
        "weightedaveragenumberofsharesoutstandingbasic": 636190000,
        "weightedaveragenumberofdilutedsharesoutstanding": 692364000,
        "othercomprehensiveincomeavailableforsalesecuritiesadjustmentnetoftaxportionattributabletoparent": -354000,
        "othercomprehensiveincomeforeigncurrencytransactionandtranslationadjustmentnetoftaxportionattributabletoparent": 189000,
        "comprehensiveincomenetoftax": 69252000
    },
    {
        "date": "2021-03-30",
        "symbol": "PINS",
        "period": "Q1",
        "revenuefromcontractwithcustomerexcludingassessedtax": 485230000,
        "costofrevenue": 133470000,
        "researchanddevelopmentexpense": 171728000,
        "sellingandmarketingexpense": 130322000,
        "generalandadministrativeexpense": 72618000,
        "costsandexpenses": 508138000,
        "operatingincomeloss": -22908000,
        "investmentincomeinterest": 1492000,
        "interestexpenseandothernonoperatingexpenseincomenet": 1563000,
        "incomelossfromcontinuingoperationsbeforeincometaxesextraordinaryitemsnoncontrollinginterest": -22979000,
        "incometaxexpensebenefit": -1305000,
        "netincomeloss": -21674000,
        "earningspersharebasicanddiluted": -0.03,
        "weightedaveragenumberofshareoutstandingbasicanddiluted": 628593000,
        "othercomprehensiveincomeavailableforsalesecuritiesadjustmentnetoftaxportionattributabletoparent": -987000,
        "othercomprehensiveincomeforeigncurrencytransactionandtranslationadjustmentnetoftaxportionattributabletoparent": -180000,
        "comprehensiveincomenetoftax": -22841000
    },
    {
        "date": "2020-09-29",
        "symbol": "PINS",
        "period": "Q3",
        "revenuefromcontractwithcustomerexcludingassessedtax": 442616000,
        "costofrevenue": 112844000,
        "researchanddevelopmentexpense": 160187000,
        "sellingandmarketingexpense": 118531000,
        "generalandadministrativeexpense": 148087000,
        "costsandexpenses": 539649000,
        "operatingincomeloss": -97033000,
        "investmentincomeinterest": 2896000,
        "interestexpenseandothernonoperatingexpenseincomenet": 51000,
        "incomelossfromcontinuingoperationsbeforeincometaxesextraordinaryitemsnoncontrollinginterest": -94188000,
        "incometaxexpensebenefit": 32000,
        "netincomeloss": -94220000,
        "earningspersharebasicanddiluted": -0.16,
        "weightedaveragenumberofshareoutstandingbasicanddiluted": 603490000,
        "othercomprehensiveincomeavailableforsalesecuritiesadjustmentnetoftaxportionattributabletoparent": -1772000,
        "othercomprehensiveincomeforeigncurrencytransactionandtranslationadjustmentnetoftaxportionattributabletoparent": 98000,
        "comprehensiveincomenetoftax": -95894000
    },
    {
        "date": "2020-06-29",
        "symbol": "PINS",
        "period": "Q2",
        "revenuefromcontractwithcustomerexcludingassessedtax": 272485000,
        "costofrevenue": 108259000,
        "researchanddevelopmentexpense": 136593000,
        "sellingandmarketingexpense": 86483000,
        "generalandadministrativeexpense": 45680000,
        "costsandexpenses": 377015000,
        "operatingincomeloss": -104530000,
        "investmentincomeinterest": 4218000,
        "interestexpenseandothernonoperatingexpenseincomenet": 16000,
        "incomelossfromcontinuingoperationsbeforeincometaxesextraordinaryitemsnoncontrollinginterest": -100328000,
        "incometaxexpensebenefit": 420000,
        "netincomeloss": -100748000,
        "earningspersharebasicanddiluted": -0.17,
        "weightedaveragenumberofshareoutstandingbasicanddiluted": 586737000,
        "othercomprehensiveincomeavailableforsalesecuritiesadjustmentnetoftaxportionattributabletoparent": 5941000,
        "othercomprehensiveincomeforeigncurrencytransactionandtranslationadjustmentnetoftaxportionattributabletoparent": 3000,
        "comprehensiveincomenetoftax": -94804000
    },
    {
        "date": "2020-03-30",
        "symbol": "PINS",
        "period": "Q1",
        "revenuefromcontractwithcustomerexcludingassessedtax": 271940000,
        "costofrevenue": 99232000,
        "researchanddevelopmentexpense": 145704000,
        "sellingandmarketingexpense": 117027000,
        "generalandadministrativeexpense": 56067000,
        "costsandexpenses": 418030000,
        "operatingincomeloss": -146090000,
        "investmentincomeinterest": 7151000,
        "interestexpenseandothernonoperatingexpenseincomenet": 2077000,
        "incomelossfromcontinuingoperationsbeforeincometaxesextraordinaryitemsnoncontrollinginterest": -141016000,
        "incometaxexpensebenefit": 180000,
        "netincomeloss": -141196000,
        "earningspersharebasicanddiluted": -0.25,
        "weightedaveragenumberofshareoutstandingbasicanddiluted": 576302000,
        "othercomprehensiveincomeavailableforsalesecuritiesadjustmentnetoftaxportionattributabletoparent": -2535000,
        "othercomprehensiveincomeforeigncurrencytransactionandtranslationadjustmentnetoftaxportionattributabletoparent": -319000,
        "comprehensiveincomenetoftax": -144050000
    },
    {
        "date": "2019-06-29",
        "symbol": "PINS",
        "period": "Q2",
        "netincomeloss": -1159501000,
        "othercomprehensiveincomeavailableforsalesecuritiesadjustmentnetoftaxportionattributabletoparent": 745000,
        "othercomprehensiveincomeforeigncurrencytransactionandtranslationadjustmentnetoftaxportionattributabletoparent": 9000,
        "comprehensiveincomenetoftax": -1158747000,
        "revenuefromcontractwithcustomerexcludingassessedtax": 29479000,
        "costofrevenue": 105415000,
        "researchanddevelopmentexpense": 801879000,
        "sellingandmarketingexpense": 296919000,
        "generalandadministrativeexpense": 224179000,
        "costsandexpenses": 1428392000,
        "operatingincomeloss": -1167143000,
        "investmentincomeinterest": 8127000,
        "interestexpenseandothernonoperatingexpenseincomenet": 448000,
        "incomelossfromcontinuingoperationsbeforeincometaxesextraordinaryitemsnoncontrollinginterest": -1159464000,
        "incometaxexpensebenefit": 37000,
        "earningspersharebasicanddiluted": -2.62,
        "weightedaveragenumberofshareoutstandingbasicanddiluted": 370934000
    },
    {
        "date": "2019-03-30",
        "symbol": "PINS",
        "period": "Q1",
        "netincomeloss": -41420000,
        "othercomprehensiveincomeavailableforsalesecuritiesadjustmentnetoftaxportionattributabletoparent": 1189000,
        "othercomprehensiveincomeforeigncurrencytransactionandtranslationadjustmentnetoftaxportionattributabletoparent": 1000,
        "comprehensiveincomenetoftax": -40230000,
        "revenuefromcontractwithcustomerexcludingassessedtax": 20149000,
        "costofgoodsandservicessold": 73694000,
        "researchanddevelopmentexpense": 72444000,
        "sellingandmarketingexpense": 76394000,
        "generalandadministrativeexpense": 24205000,
        "costsandexpenses": 246737000,
        "operatingincomeloss": -44826000,
        "investmentincomeinterest": 4059000,
        "interestexpenseandothernonoperatingexpenseincomenet": 500000,
        "incomelossfromcontinuingoperationsbeforeincometaxesextraordinaryitemsnoncontrollinginterest": -41267000,
        "incometaxexpensebenefit": 153000,
        "earningspersharebasicanddiluted": -0.33,
        "weightedaveragenumberofshareoutstandingbasicanddiluted": 127346000
    }
]