[
    {
        "date": "2024-11-02",
        "symbol": "PSTG",
        "period": "Q3",
        "revenuefromcontractwithcustomerexcludingassessedtax": 1177167000,
        "costofgoodsandservicessold": 345170000,
        "grossprofit": 582922000,
        "researchanddevelopmentexpense": 200086000,
        "sellingandmarketingexpense": 255830000,
        "generalandadministrativeexpense": 67319000,
        "operatingexpenses": 523235000,
        "operatingincomeloss": 59687000,
        "nonoperatingincomeexpense": 17156000,
        "incomelossfromcontinuingoperationsbeforeincometaxesextraordinaryitemsnoncontrollinginterest": 76843000,
        "incometaxexpensebenefit": 13204000,
        "netincomeloss": 63639000,
        "earningspersharebasic": 0.2,
        "earningspersharediluted": 0.2,
        "weightedaveragenumberofsharesoutstandingbasic": 325530000,
        "weightedaveragenumberofdilutedsharesoutstanding": 341490000,
        "othercomprehensiveincomeunrealizedholdinggainlossonsecuritiesarisingduringperiodnetoftax": -1625000,
        "othercomprehensiveincomelossreclassificationadjustmentfromaociforsaleofsecuritiesnetoftax": 59000,
        "othercomprehensiveincomelossavailableforsalesecuritiesadjustmentnetoftax": -1684000,
        "comprehensiveincomenetoftax": 61955000
    },
    {
        "date": "2024-08-03",
        "symbol": "PSTG",
        "period": "Q2",
        "revenuefromcontractwithcustomerexcludingassessedtax": 763771000,
        "costofgoodsandservicessold": 223691000,
        "grossprofit": 540080000,
        "researchanddevelopmentexpense": 195490000,
        "sellingandmarketingexpense": 250267000,
        "generalandadministrativeexpense": 69445000,
        "operatingexpenses": 515202000,
        "operatingincomeloss": 24878000,
        "nonoperatingincomeexpense": 19437000,
        "incomelossfromcontinuingoperationsbeforeincometaxesextraordinaryitemsnoncontrollinginterest": 44315000,
        "incometaxexpensebenefit": 8641000,
        "netincomeloss": 35674000,
        "earningspersharebasic": 0.11,
        "earningspersharediluted": 0.1,
        "weightedaveragenumberofsharesoutstandingbasic": 326326000,
        "weightedaveragenumberofdilutedsharesoutstanding": 343443000,
        "othercomprehensiveincomeunrealizedholdinggainlossonsecuritiesarisingduringperiodnetoftax": 8313000,
        "othercomprehensiveincomelossreclassificationadjustmentfromaociforsaleofsecuritiesnetoftax": 22000,
        "othercomprehensiveincomelossavailableforsalesecuritiesadjustmentnetoftax": 8291000,
        "comprehensiveincomenetoftax": 43965000
    },
    {
        "date": "2024-05-04",
        "symbol": "PSTG",
        "period": "Q1",
        "revenuefromcontractwithcustomerexcludingassessedtax": 347384000,
        "costofgoodsandservicessold": 100753000,
        "grossprofit": 495706000,
        "researchanddevelopmentexpense": 193820000,
        "sellingandmarketingexpense": 250972000,
        "generalandadministrativeexpense": 76787000,
        "restructuringandrelatedcostincurredcost": 15901000,
        "operatingexpenses": 537480000,
        "operatingincomeloss": -41774000,
        "nonoperatingincomeexpense": 14091000,
        "incomelossfromcontinuingoperationsbeforeincometaxesextraordinaryitemsnoncontrollinginterest": -27683000,
        "incometaxexpensebenefit": 7326000,
        "netincomeloss": -35009000,
        "earningspersharebasic": -0.11,
        "earningspersharediluted": -0.11,
        "weightedaveragenumberofsharesoutstandingbasic": 322589000,
        "weightedaveragenumberofdilutedsharesoutstanding": 322589000,
        "othercomprehensiveincomeunrealizedholdinggainlossonsecuritiesarisingduringperiodnetoftax": -1640000,
        "othercomprehensiveincomelossreclassificationadjustmentfromaociforsaleofsecuritiesnetoftax": 162000,
        "othercomprehensiveincomelossavailableforsalesecuritiesadjustmentnetoftax": -1802000,
        "comprehensiveincomenetoftax": -36811000
    },
    {
        "date": "2024-02-03",
        "symbol": "PSTG",
        "period": "Q4",
        "revenuefromcontractwithcustomerexcludingassessedtax": 460891000,
        "costofgoodsandservicessold": 128842000,
        "grossprofit": 568504000,
        "researchanddevelopmentexpense": 186841000,
        "sellingandmarketingexpense": 248136000,
        "generalandadministrativeexpense": 59299000,
        "operatingexpenses": 511122000,
        "operatingincomeloss": 57382000,
        "nonoperatingincomeexpense": 13416000,
        "incomelossfromcontinuingoperationsbeforeincometaxesextraordinaryitemsnoncontrollinginterest": 70798000,
        "incometaxexpensebenefit": 5360000,
        "netincomeloss": 65438000,
        "earningspersharebasic": 0.21,
        "earningspersharediluted": 0.19999999999999998,
        "weightedaveragenumberofsharesoutstandingbasic": 311831000,
        "weightedaveragenumberofdilutedsharesoutstanding": 332568000,
        "othercomprehensiveincomeunrealizedholdinggainlossonsecuritiesarisingduringperiodnetoftax": 6263000,
        "othercomprehensiveincomelossreclassificationadjustmentfromaociforsaleofsecuritiesnetoftax": 13000,
        "othercomprehensiveincomelossavailableforsalesecuritiesadjustmentnetoftax": 6250000,
        "comprehensiveincomenetoftax": 71688000
    },
    {
        "date": "2023-11-04",
        "symbol": "PSTG",
        "period": "Q3",
        "revenuefromcontractwithcustomerexcludingassessedtax": 600097000,
        "costofgoodsandservicessold": 47023000,
        "grossprofit": 552747000,
        "researchanddevelopmentexpense": 182100000,
        "sellingandmarketingexpense": 231707000,
        "generalandadministrativeexpense": 64729000,
        "operatingexpenses": 478536000,
        "operatingincomeloss": 74211000,
        "nonoperatingincomeexpense": 5184000,
        "incomelossfromcontinuingoperationsbeforeincometaxesextraordinaryitemsnoncontrollinginterest": 79395000,
        "incometaxexpensebenefit": 9006000,
        "netincomeloss": 70389000,
        "earningspersharebasic": 0.23,
        "earningspersharediluted": 0.23,
        "weightedaveragenumberofsharesoutstandingbasic": 309842000,
        "weightedaveragenumberofdilutedsharesoutstanding": 309842000,
        "othercomprehensiveincomeunrealizedholdinggainlossonsecuritiesarisingduringperiodnetoftax": 2582000,
        "othercomprehensiveincomelossreclassificationadjustmentfromaociforsaleofsecuritiesnetoftax": 7000,
        "othercomprehensiveincomelossavailableforsalesecuritiesadjustmentnetoftax": 2575000,
        "comprehensiveincomenetoftax": 72964000
    },
    {
        "date": "2023-08-05",
        "symbol": "PSTG",
        "period": "Q2",
        "revenuefromcontractwithcustomerexcludingassessedtax": 399738000,
        "costofgoodsandservicessold": 120605000,
        "grossprofit": 486593000,
        "researchanddevelopmentexpense": 182492000,
        "sellingandmarketingexpense": 232732000,
        "generalandadministrativeexpense": 60831000,
        "impairmentandothercharges": 16766000,
        "operatingexpenses": 492821000,
        "operatingincomeloss": -6228000,
        "nonoperatingincomeexpense": 6686000,
        "incomelossfromcontinuingoperationsbeforeincometaxesextraordinaryitemsnoncontrollinginterest": 458000,
        "incometaxexpensebenefit": 7573000,
        "netincomeloss": -7115000,
        "earningspersharebasic": -0.02,
        "earningspersharediluted": -0.02,
        "weightedaveragenumberofsharesoutstandingbasic": 309510000,
        "weightedaveragenumberofdilutedsharesoutstanding": 309510000,
        "othercomprehensiveincomeunrealizedholdinggainlossonsecuritiesarisingduringperiodnetoftax": -1685000,
        "othercomprehensiveincomelossreclassificationadjustmentfromaociforsaleofsecuritiesnetoftax": 16000,
        "othercomprehensiveincomelossavailableforsalesecuritiesadjustmentnetoftax": -1701000,
        "comprehensiveincomenetoftax": -8816000
    },
    {
        "date": "2023-05-06",
        "symbol": "PSTG",
        "period": "Q1",
        "revenuefromcontractwithcustomerexcludingassessedtax": 162143000,
        "costofgoodsandservicessold": 175960000,
        "grossprofit": 413347000,
        "researchanddevelopmentexpense": 185331000,
        "sellingandmarketingexpense": 232446000,
        "generalandadministrativeexpense": 67384000,
        "operatingexpenses": 485161000,
        "operatingincomeloss": -71814000,
        "nonoperatingincomeexpense": 11749000,
        "incomelossfromcontinuingoperationsbeforeincometaxesextraordinaryitemsnoncontrollinginterest": -60065000,
        "incometaxexpensebenefit": 7336000,
        "netincomeloss": -67401000,
        "earningspersharebasic": -0.22,
        "earningspersharediluted": -0.22,
        "weightedaveragenumberofsharesoutstandingbasic": 305863000,
        "weightedaveragenumberofdilutedsharesoutstanding": 305863000,
        "othercomprehensiveincomeunrealizedholdinggainlossonsecuritiesarisingduringperiodnetoftax": 4866000,
        "othercomprehensiveincomelossreclassificationadjustmentfromaociforsaleofsecuritiesnetoftax": 268000,
        "othercomprehensiveincomelossavailableforsalesecuritiesadjustmentnetoftax": 4598000,
        "comprehensiveincomenetoftax": -62803000
    },
    {
        "date": "2023-02-04",
        "symbol": "PSTG",
        "period": "Q4",
        "revenuefromcontractwithcustomerexcludingassessedtax": 257890000,
        "costofgoodsandservicessold": 248890000,
        "grossprofit": 561317000,
        "researchanddevelopmentexpense": 185557000,
        "sellingandmarketingexpense": 246480000,
        "generalandadministrativeexpense": 64696000,
        "operatingexpenses": 496733000,
        "operatingincomeloss": 64584000,
        "nonoperatingincomeexpense": 16705000,
        "incomelossfromcontinuingoperationsbeforeincometaxesextraordinaryitemsnoncontrollinginterest": 81289000,
        "incometaxexpensebenefit": 6818000,
        "netincomeloss": 74471000,
        "weightedaveragenumberofsharesoutstandingbasic": -594824000,
        "weightedaveragenumberofdilutedsharesoutstanding": -570363000,
        "othercomprehensiveincomeunrealizedholdinggainlossonsecuritiesarisingduringperiodnetoftax": 8257000,
        "othercomprehensiveincomelossreclassificationadjustmentfromaociforsaleofsecuritiesnetoftax": 8000,
        "othercomprehensiveincomelossavailableforsalesecuritiesadjustmentnetoftax": 8249000,
        "comprehensiveincomenetoftax": 82720000
    },
    {
        "date": "2022-11-05",
        "symbol": "PSTG",
        "period": "Q3",
        "revenuefromcontractwithcustomerexcludingassessedtax": 183280000,
        "costofgoodsandservicessold": 209715000,
        "grossprofit": 466335000,
        "researchanddevelopmentexpense": 180008000,
        "sellingandmarketingexpense": 212140000,
        "generalandadministrativeexpense": 65054000,
        "operatingexpenses": 457202000,
        "operatingincomeloss": 9133000,
        "nonoperatingincomeexpense": -2814000,
        "incomelossfromcontinuingoperationsbeforeincometaxesextraordinaryitemsnoncontrollinginterest": 6319000,
        "incometaxexpensebenefit": 7106000,
        "netincomeloss": -787000,
        "weightedaveragenumberofsharesoutstandingbasic": 300984000,
        "weightedaveragenumberofdilutedsharesoutstanding": 300984000,
        "othercomprehensiveincomeunrealizedholdinggainlossonsecuritiesarisingduringperiodnetoftax": -3656000,
        "othercomprehensiveincomelossreclassificationadjustmentfromaociforsaleofsecuritiesnetoftax": -2000,
        "othercomprehensiveincomelossavailableforsalesecuritiesadjustmentnetoftax": -3654000,
        "comprehensiveincomenetoftax": -4441000
    },
    {
        "date": "2022-08-06",
        "symbol": "PSTG",
        "period": "Q2",
        "revenuefromcontractwithcustomerexcludingassessedtax": 184637000,
        "costofgoodsandservicessold": 203204000,
        "grossprofit": 443568000,
        "researchanddevelopmentexpense": 165690000,
        "sellingandmarketingexpense": 206836000,
        "generalandadministrativeexpense": 56679000,
        "operatingexpenses": 429205000,
        "operatingincomeloss": 14363000,
        "nonoperatingincomeexpense": 585000,
        "incomelossfromcontinuingoperationsbeforeincometaxesextraordinaryitemsnoncontrollinginterest": 14948000,
        "incometaxexpensebenefit": 4026000,
        "netincomeloss": 10922000,
        "earningspersharebasic": 0.04,
        "earningspersharediluted": 0.03,
        "weightedaveragenumberofsharesoutstandingbasic": 297475000,
        "weightedaveragenumberofdilutedsharesoutstanding": 312720000,
        "othercomprehensiveincomeunrealizedholdinggainlossonsecuritiesarisingduringperiodnetoftax": -1222000,
        "othercomprehensiveincomelossreclassificationadjustmentfromaociforsaleofsecuritiesnetoftax": 32000,
        "othercomprehensiveincomelossavailableforsalesecuritiesadjustmentnetoftax": -1254000,
        "comprehensiveincomenetoftax": 9668000
    },
    {
        "date": "2022-05-07",
        "symbol": "PSTG",
        "period": "Q1",
        "revenuefromcontractwithcustomerexcludingassessedtax": 155870000,
        "costofgoodsandservicessold": 193979000,
        "grossprofit": 426426000,
        "researchanddevelopmentexpense": 161273000,
        "sellingandmarketingexpense": 218153000,
        "generalandadministrativeexpense": 51567000,
        "operatingexpenses": 430993000,
        "operatingincomeloss": -4567000,
        "nonoperatingincomeexpense": -6181000,
        "incomelossfromcontinuingoperationsbeforeincometaxesextraordinaryitemsnoncontrollinginterest": -10748000,
        "incometaxexpensebenefit": 787000,
        "netincomeloss": -11535000,
        "earningspersharebasic": -0.04,
        "earningspersharediluted": -0.04,
        "weightedaveragenumberofsharesoutstandingbasic": 295843000,
        "weightedaveragenumberofdilutedsharesoutstanding": 295843000,
        "othercomprehensiveincomeunrealizedholdinggainlossonsecuritiesarisingduringperiodnetoftax": -10487000,
        "othercomprehensiveincomelossreclassificationadjustmentfromaociforsaleofsecuritiesnetoftax": -7000,
        "othercomprehensiveincomelossavailableforsalesecuritiesadjustmentnetoftax": -10480000,
        "comprehensiveincomenetoftax": -22015000
    },
    {
        "date": "2022-02-05",
        "symbol": "PSTG",
        "period": "Q4",
        "revenuefromcontractwithcustomerexcludingassessedtax": 185563000,
        "costofgoodsandservicessold": 232736000,
        "grossprofit": 475834000,
        "researchanddevelopmentexpense": 162639000,
        "sellingandmarketingexpense": 231947000,
        "generalandadministrativeexpense": 51481000,
        "operatingexpenses": 446067000,
        "operatingincomeloss": 29767000,
        "nonoperatingincomeexpense": -10008000,
        "incomelossfromcontinuingoperationsbeforeincometaxesextraordinaryitemsnoncontrollinginterest": 19759000,
        "incometaxexpensebenefit": 4816000,
        "netincomeloss": 14943000,
        "othercomprehensiveincomeunrealizedholdinggainlossonsecuritiesarisingduringperiodnetoftax": -7986000,
        "othercomprehensiveincomelossreclassificationadjustmentfromaociforsaleofsecuritiesnetoftax": 72000,
        "othercomprehensiveincomelossavailableforsalesecuritiesadjustmentnetoftax": -8058000,
        "comprehensiveincomenetoftax": 6885000
    },
    {
        "date": "2021-10-30",
        "symbol": "PSTG",
        "period": "Q3",
        "revenuefromcontractwithcustomerexcludingassessedtax": 154008000,
        "costofgoodsandservicessold": 187948000,
        "grossprofit": 374792000,
        "researchanddevelopmentexpense": 147808000,
        "sellingandmarketingexpense": 193172000,
        "generalandadministrativeexpense": 51890000,
        "operatingexpenses": 392870000,
        "operatingincomeloss": -18078000,
        "nonoperatingincomeexpense": -7953000,
        "incomelossfromcontinuingoperationsbeforeincometaxesextraordinaryitemsnoncontrollinginterest": -26031000,
        "incometaxexpensebenefit": 2700000,
        "netincomeloss": -28731000,
        "earningspersharebasic": -0.1,
        "earningspersharediluted": -0.1,
        "weightedaveragenumberofsharesoutstandingbasic": 287462000,
        "weightedaveragenumberofdilutedsharesoutstanding": 287462000,
        "othercomprehensiveincomeunrealizedholdinggainlossonsecuritiesarisingduringperiodnetoftax": -3710000,
        "othercomprehensiveincomelossreclassificationadjustmentfromaociforsaleofsecuritiesnetoftax": 78000,
        "othercomprehensiveincomelossavailableforsalesecuritiesadjustmentnetoftax": -3788000,
        "comprehensiveincomenetoftax": -32519000
    },
    {
        "date": "2021-07-31",
        "symbol": "PSTG",
        "period": "Q2",
        "revenuefromcontractwithcustomerexcludingassessedtax": 143655000,
        "costofgoodsandservicessold": 156804000,
        "grossprofit": 340027000,
        "researchanddevelopmentexpense": 140107000,
        "sellingandmarketingexpense": 190386000,
        "generalandadministrativeexpense": 43464000,
        "operatingexpenses": 373957000,
        "operatingincomeloss": -33930000,
        "nonoperatingincomeexpense": -7410000,
        "incomelossfromcontinuingoperationsbeforeincometaxesextraordinaryitemsnoncontrollinginterest": -41340000,
        "incometaxexpensebenefit": 3925000,
        "netincomeloss": -45265000,
        "earningspersharebasic": -0.16,
        "earningspersharediluted": -0.16,
        "weightedaveragenumberofsharesoutstandingbasic": 283931000,
        "weightedaveragenumberofdilutedsharesoutstanding": 283931000,
        "othercomprehensiveincomeunrealizedholdinggainlossonsecuritiesarisingduringperiodnetoftax": -1192000,
        "othercomprehensiveincomelossreclassificationadjustmentfromaociforsaleofsecuritiesnetoftax": 95000,
        "othercomprehensiveincomelossavailableforsalesecuritiesadjustmentnetoftax": -1287000,
        "comprehensiveincomenetoftax": -46552000
    },
    {
        "date": "2021-05-01",
        "symbol": "PSTG",
        "period": "Q1",
        "revenuefromcontractwithcustomerexcludingassessedtax": 249888000,
        "costofgoodsandservicessold": 79064000,
        "grossprofit": 281866000,
        "researchanddevelopmentexpense": 131381000,
        "sellingandmarketingexpense": 183496000,
        "generalandadministrativeexpense": 43146000,
        "operatingexpenses": 358023000,
        "operatingincomeloss": -76157000,
        "nonoperatingincomeexpense": -4727000,
        "incomelossfromcontinuingoperationsbeforeincometaxesextraordinaryitemsnoncontrollinginterest": -80884000,
        "incometaxexpensebenefit": 3322000,
        "netincomeloss": -84206000,
        "earningspersharebasicanddiluted": -0.3,
        "weightedaveragenumberofshareoutstandingbasicanddiluted": 280331000,
        "othercomprehensiveincomeunrealizedholdinggainlossonsecuritiesarisingduringperiodnetoftax": -2219000,
        "othercomprehensiveincomelossreclassificationadjustmentfromaociforsaleofsecuritiesnetoftax": 423000,
        "othercomprehensiveincomelossavailableforsalesecuritiesadjustmentnetoftax": -2642000,
        "comprehensiveincomenetoftax": -86848000
    },
    {
        "date": "2021-01-30",
        "symbol": "PSTG",
        "period": "Q4",
        "revenuefromcontractwithcustomerexcludingassessedtax": 350380000,
        "costofgoodsandservicessold": 112310000,
        "grossprofit": 340857000,
        "researchanddevelopmentexpense": 130388000,
        "sellingandmarketingexpense": 198865000,
        "generalandadministrativeexpense": 50414000,
        "operatingexpenses": 387676000,
        "operatingincomeloss": -46819000,
        "nonoperatingincomeexpense": -2427000,
        "incomelossfromcontinuingoperationsbeforeincometaxesextraordinaryitemsnoncontrollinginterest": -49246000,
        "incometaxexpensebenefit": 3047000,
        "netincomeloss": -52293000,
        "earningspersharebasicanddiluted": -0.18,
        "weightedaveragenumberofshareoutstandingbasicanddiluted": 2198000,
        "othercomprehensiveincomeunrealizedholdinggainlossonsecuritiesarisingduringperiodnetoftax": -1523000,
        "comprehensiveincomenetoftax": -53942000
    },
    {
        "date": "2020-10-31",
        "symbol": "PSTG",
        "period": "Q3",
        "revenuefromcontractwithcustomerexcludingassessedtax": 274470000,
        "costofgoodsandservicessold": 86661000,
        "grossprofit": 276516000,
        "researchanddevelopmentexpense": 122981000,
        "sellingandmarketingexpense": 172282000,
        "generalandadministrativeexpense": 46467000,
        "restructuringandrelatedcostincurredcost": 0,
        "operatingexpenses": 341730000,
        "operatingincomeloss": -65214000,
        "nonoperatingincomeexpense": -4887000,
        "incomelossfromcontinuingoperationsbeforeincometaxesextraordinaryitemsnoncontrollinginterest": -70101000,
        "incometaxexpensebenefit": 4121000,
        "netincomeloss": -74222000,
        "earningspersharebasicanddiluted": -0.27999999999999997,
        "weightedaveragenumberofshareoutstandingbasicanddiluted": -262108000,
        "othercomprehensiveincomeunrealizedholdinggainlossonsecuritiesarisingduringperiodnetoftax": -2703000,
        "comprehensiveincomenetoftax": -77348000
    },
    {
        "date": "2020-08-01",
        "symbol": "PSTG",
        "period": "Q2",
        "revenuefromcontractwithcustomerexcludingassessedtax": 272309000,
        "costofgoodsandservicessold": 84731000,
        "grossprofit": 274726000,
        "researchanddevelopmentexpense": 114652000,
        "sellingandmarketingexpense": 171434000,
        "generalandadministrativeexpense": 44471000,
        "restructuringandrelatedcostincurredcost": 8288000,
        "operatingexpenses": 338845000,
        "operatingincomeloss": -64119000,
        "nonoperatingincomeexpense": 1603000,
        "incomelossfromcontinuingoperationsbeforeincometaxesextraordinaryitemsnoncontrollinginterest": -62516000,
        "incometaxexpensebenefit": 2451000,
        "netincomeloss": -64967000,
        "earningspersharebasicanddiluted": -0.25,
        "weightedaveragenumberofshareoutstandingbasicanddiluted": 264799000,
        "othercomprehensiveincomeunrealizedholdinggainlossonsecuritiesarisingduringperiodnetoftax": 2715000,
        "othercomprehensiveincomelossreclassificationadjustmentfromaociforsaleofsecuritiesnetoftax": 703000,
        "othercomprehensiveincomelossavailableforsalesecuritiesadjustmentnetoftax": 2012000,
        "comprehensiveincomenetoftax": -62955000
    },
    {
        "date": "2020-05-02",
        "symbol": "PSTG",
        "period": "Q1",
        "revenuefromcontractwithcustomerexcludingassessedtax": 246939000,
        "costofgoodsandservicessold": 69285000,
        "grossprofit": 256825000,
        "researchanddevelopmentexpense": 112446000,
        "sellingandmarketingexpense": 173433000,
        "generalandadministrativeexpense": 41125000,
        "restructuringandrelatedcostincurredcost": 14702000,
        "operatingexpenses": 341706000,
        "operatingincomeloss": -84881000,
        "nonoperatingincomeexpense": -3416000,
        "incomelossfromcontinuingoperationsbeforeincometaxesextraordinaryitemsnoncontrollinginterest": -88297000,
        "incometaxexpensebenefit": 2297000,
        "netincomeloss": -90594000,
        "earningspersharebasicanddiluted": -0.34,
        "weightedaveragenumberofshareoutstandingbasicanddiluted": 262935000,
        "othercomprehensiveincomeunrealizedholdinggainlossonsecuritiesarisingduringperiodnetoftax": 4724000,
        "comprehensiveincomenetoftax": -85870000
    },
    {
        "date": "2020-02-01",
        "symbol": "PSTG",
        "period": "Q4",
        "revenuefromcontractwithcustomerexcludingassessedtax": 527299000,
        "costofgoodsandservicessold": 293297000,
        "grossprofit": 348210000,
        "researchanddevelopmentexpense": 114904000,
        "sellingandmarketingexpense": 190389000,
        "generalandadministrativeexpense": 43611000,
        "operatingexpenses": 348904000,
        "operatingincomeloss": -694000,
        "nonoperatingincomeexpense": -924000,
        "incomelossfromcontinuingoperationsbeforeincometaxesextraordinaryitemsnoncontrollinginterest": -1618000,
        "incometaxexpensebenefit": 3033000,
        "netincomeloss": -4651000,
        "earningspersharebasicanddiluted": -5.551115123125783e-17,
        "weightedaveragenumberofshareoutstandingbasicanddiluted": -498859000,
        "othercomprehensiveincomeunrealizedholdinggainlossonsecuritiesarisingduringperiodnetoftax": 333000,
        "comprehensiveincomenetoftax": -4318000
    },
    {
        "date": "2019-10-30",
        "symbol": "PSTG",
        "period": "Q3",
        "revenuefromcontractwithcustomerexcludingassessedtax": 323268000,
        "costofgoodsandservicessold": 89998000,
        "grossprofit": 300638000,
        "researchanddevelopmentexpense": 106663000,
        "sellingandmarketingexpense": 184819000,
        "generalandadministrativeexpense": 37416000,
        "operatingexpenses": 328898000,
        "operatingincomeloss": -28260000,
        "nonoperatingincomeexpense": 9000,
        "incomelossfromcontinuingoperationsbeforeincometaxesextraordinaryitemsnoncontrollinginterest": -28251000,
        "incometaxexpensebenefit": 1731000,
        "netincomeloss": -29982000,
        "earningspersharebasicanddiluted": -0.12,
        "weightedaveragenumberofshareoutstandingbasicanddiluted": 255047000,
        "othercomprehensiveincomeunrealizedholdinggainlossonsecuritiesarisingduringperiodnetoftax": 1707000,
        "comprehensiveincomenetoftax": -28275000
    },
    {
        "date": "2019-07-30",
        "symbol": "PSTG",
        "period": "Q2",
        "netincomeloss": -66018000,
        "othercomprehensiveincomeunrealizedholdinggainlossonsecuritiesarisingduringperiodnetoftax": 2120000,
        "comprehensiveincomenetoftax": -63898000,
        "revenuefromcontractwithcustomerexcludingassessedtax": 300128000,
        "costofgoodsandservicessold": 92870000,
        "grossprofit": 268319000,
        "researchanddevelopmentexpense": 107020000,
        "sellingandmarketingexpense": 186188000,
        "generalandadministrativeexpense": 40016000,
        "operatingexpenses": 333224000,
        "operatingincomeloss": -64905000,
        "nonoperatingincomeexpense": -652000,
        "incomelossfromcontinuingoperationsbeforeincometaxesextraordinaryitemsnoncontrollinginterest": -65557000,
        "incometaxexpensebenefit": 461000,
        "earningspersharebasicanddiluted": -0.26,
        "weightedaveragenumberofshareoutstandingbasicanddiluted": 251298000
    },
    {
        "date": "2019-04-29",
        "symbol": "PSTG",
        "period": "Q1",
        "netincomeloss": -100336000,
        "othercomprehensiveincomeunrealizedholdinggainlossonsecuritiesarisingduringperiodnetoftax": 1627000,
        "comprehensiveincomenetoftax": -98709000,
        "revenuefromcontractwithcustomerexcludingassessedtax": 87959000,
        "costofgoodsandservicessold": 33721000,
        "grossprofit": 216387000,
        "researchanddevelopmentexpense": 105075000,
        "sellingandmarketingexpense": 166626000,
        "generalandadministrativeexpense": 42110000,
        "operatingexpenses": 313811000,
        "operatingincomeloss": -97424000,
        "nonoperatingincomeexpense": -1816000,
        "incomelossfromcontinuingoperationsbeforeincometaxesextraordinaryitemsnoncontrollinginterest": -99240000,
        "incometaxexpensebenefit": 1096000,
        "earningspersharebasicanddiluted": -0.41,
        "weightedaveragenumberofshareoutstandingbasicanddiluted": 245334000
    },
    {
        "date": "2019-01-30",
        "symbol": "PSTG",
        "period": "Q4",
        "netincomeloss": -25755000,
        "othercomprehensiveincomeunrealizedholdinggainlossonsecuritiesarisingduringperiodnetoftax": 2761000,
        "comprehensiveincomenetoftax": -22994000,
        "costofgoodsandservicessold": 238130000,
        "grossprofit": 280696000,
        "researchanddevelopmentexpense": 96630000,
        "sellingandmarketingexpense": 171092000,
        "generalandadministrativeexpense": 37934000,
        "operatingexpenses": 305656000,
        "operatingincomeloss": -24960000,
        "nonoperatingincomeexpense": -96000,
        "incomelossfromcontinuingoperationsbeforeincometaxesextraordinaryitemsnoncontrollinginterest": -25056000,
        "incometaxexpensebenefit": 699000,
        "earningspersharebasicanddiluted": -0.10000000000000003,
        "weightedaveragenumberofshareoutstandingbasicanddiluted": -456290000
    },
    {
        "date": "2018-10-30",
        "symbol": "PSTG",
        "period": "Q3",
        "netincomeloss": -28180000,
        "othercomprehensiveincomeunrealizedholdinggainlossonsecuritiesarisingduringperiodnetoftax": -273000,
        "comprehensiveincomenetoftax": -28453000,
        "revenuefromcontractwithcustomerexcludingassessedtax": 109291000,
        "costofgoodsandservicessold": 27049000,
        "grossprofit": 249120000,
        "researchanddevelopmentexpense": 90783000,
        "sellingandmarketingexpense": 146903000,
        "generalandadministrativeexpense": 38651000,
        "operatingexpenses": 276337000,
        "operatingincomeloss": -27217000,
        "nonoperatingincomeexpense": -2889000,
        "incomelossfromcontinuingoperationsbeforeincometaxesextraordinaryitemsnoncontrollinginterest": -30106000,
        "incometaxexpensebenefit": -1926000,
        "earningspersharebasicanddiluted": -0.12,
        "weightedaveragenumberofshareoutstandingbasicanddiluted": 235205000
    },
    {
        "date": "2018-07-30",
        "symbol": "PSTG",
        "period": "Q2",
        "netincomeloss": -60123000,
        "othercomprehensiveincomeunrealizedholdinggainlossonsecuritiesarisingduringperiodnetoftax": -193000,
        "comprehensiveincomenetoftax": -60316000,
        "salesrevenuegoodsnet": 241137000,
        "salesrevenueservicesnet": 67747000,
        "salesrevenuenet": 79124000,
        "costofgoodssold": 78262000,
        "costofservices": 24457000,
        "costofgoodsandservicessold": 102719000,
        "grossprofit": 206165000,
        "researchanddevelopmentexpense": 84031000,
        "sellingandmarketingexpense": 143749000,
        "generalandadministrativeexpense": 33591000,
        "operatingexpenses": 261371000,
        "operatingincomeloss": -55206000,
        "nonoperatingincomeexpense": -4032000,
        "incomelossfromcontinuingoperationsbeforeincometaxesextraordinaryitemsnoncontrollinginterest": -59238000,
        "incometaxexpensebenefit": 885000,
        "earningspersharebasicanddiluted": -0.26,
        "weightedaveragenumberofshareoutstandingbasicanddiluted": 229359000
    },
    {
        "date": "2018-04-29",
        "symbol": "PSTG",
        "period": "Q1",
        "netincomeloss": -64304000,
        "othercomprehensiveincomeunrealizedholdinggainlossonsecuritiesarisingduringperiodnetoftax": -716000,
        "comprehensiveincomenetoftax": -65020000,
        "salesrevenuegoodsnet": 195449000,
        "salesrevenueservicesnet": 60496000,
        "salesrevenuenet": 255945000,
        "costofgoodssold": 66420000,
        "costofservices": 23210000,
        "costofgoodsandservicessold": 89630000,
        "grossprofit": 166315000,
        "researchanddevelopmentexpense": 78492000,
        "sellingandmarketingexpense": 122367000,
        "generalandadministrativeexpense": 27330000,
        "operatingexpenses": 228189000,
        "operatingincomeloss": -61874000,
        "nonoperatingincomeexpense": -999000,
        "incomelossfromcontinuingoperationsbeforeincometaxesextraordinaryitemsnoncontrollinginterest": -62873000,
        "incometaxexpensebenefit": 1431000,
        "earningspersharebasicanddiluted": -0.29,
        "weightedaveragenumberofshareoutstandingbasicanddiluted": 223768000
    },
    {
        "date": "2017-10-30",
        "symbol": "PSTG",
        "period": "Q3",
        "netincomeloss": -41649000,
        "othercomprehensiveincomeunrealizedholdinggainlossonsecuritiesarisingduringperiodnetoftax": -439000,
        "comprehensiveincomenetoftax": -42088000,
        "salesrevenuegoodsnet": 223196000,
        "salesrevenueservicesnet": 54478000,
        "salesrevenuenet": 84697000,
        "costofgoodssold": 75392000,
        "costofservices": 20467000,
        "costofgoodsandservicessold": 95859000,
        "grossprofit": 181815000,
        "researchanddevelopmentexpense": 68927000,
        "sellingandmarketingexpense": 129299000,
        "generalandadministrativeexpense": 25406000,
        "operatingexpenses": 223632000,
        "operatingincomeloss": -41817000,
        "nonoperatingincomeexpense": 1138000,
        "incomelossfromcontinuingoperationsbeforeincometaxesextraordinaryitemsnoncontrollinginterest": -40679000,
        "incometaxexpensebenefit": 970000,
        "earningspersharebasicanddiluted": -0.2,
        "weightedaveragenumberofshareoutstandingbasicanddiluted": 213274000
    },
    {
        "date": "2017-07-30",
        "symbol": "PSTG",
        "period": "Q2",
        "netincomeloss": -61701000,
        "othercomprehensiveincomeunrealizedholdinggainlossonsecuritiesarisingduringperiodnetoftax": 165000,
        "comprehensiveincomenetoftax": -61536000,
        "salesrevenuegoodsnet": 175013000,
        "salesrevenueservicesnet": 49448000,
        "salesrevenuenet": 58995000,
        "costofgoodssold": 57252000,
        "costofservices": 19199000,
        "costofgoodsandservicessold": 76451000,
        "grossprofit": 148010000,
        "researchanddevelopmentexpense": 69361000,
        "sellingandmarketingexpense": 120633000,
        "generalandadministrativeexpense": 22162000,
        "operatingexpenses": 212156000,
        "operatingincomeloss": -64146000,
        "nonoperatingincomeexpense": 3266000,
        "incomelossfromcontinuingoperationsbeforeincometaxesextraordinaryitemsnoncontrollinginterest": -60880000,
        "incometaxexpensebenefit": 821000,
        "earningspersharebasicanddiluted": -0.29,
        "weightedaveragenumberofshareoutstandingbasicanddiluted": 209193000
    },
    {
        "date": "2017-04-29",
        "symbol": "PSTG",
        "period": "Q1",
        "netincomeloss": -62374000,
        "othercomprehensiveincomeunrealizedholdinggainlossonsecuritiesarisingduringperiodnetoftax": 117000,
        "comprehensiveincomenetoftax": -62257000,
        "salesrevenuegoodsnet": 138425000,
        "salesrevenueservicesnet": 44206000,
        "salesrevenuenet": 182631000,
        "costofgoodssold": 46645000,
        "costofservices": 16903000,
        "costofgoodsandservicessold": 63548000,
        "grossprofit": 119083000,
        "researchanddevelopmentexpense": 65428000,
        "sellingandmarketingexpense": 96964000,
        "generalandadministrativeexpense": 20096000,
        "operatingexpenses": 182488000,
        "operatingincomeloss": -63405000,
        "nonoperatingincomeexpense": 1995000,
        "incomelossfromcontinuingoperationsbeforeincometaxesextraordinaryitemsnoncontrollinginterest": -61410000,
        "incometaxexpensebenefit": 964000,
        "earningspersharebasicanddiluted": -0.3,
        "weightedaveragenumberofshareoutstandingbasicanddiluted": 205783000
    },
    {
        "date": "2016-10-30",
        "symbol": "PSTG",
        "period": "Q3",
        "netincomeloss": -78813000,
        "othercomprehensiveincomeunrealizedholdinggainlossonsecuritiesarisingduringperiodnetoftax": -554000,
        "comprehensiveincomenetoftax": -79367000,
        "salesrevenuegoodsnet": 160523000,
        "salesrevenueservicesnet": 36433000,
        "salesrevenuenet": 44822000,
        "costofgoodssold": 54725000,
        "costofservices": 14597000,
        "costofgoodsandservicessold": 69322000,
        "grossprofit": 127634000,
        "researchanddevelopmentexpense": 61612000,
        "sellingandmarketingexpense": 91392000,
        "generalandadministrativeexpense": 22810000,
        "litigationsettlementamount": -30000000,
        "operatingexpenses": 205814000,
        "operatingincomeloss": -78180000,
        "nonoperatingincomeexpense": -192000,
        "incomelossfromcontinuingoperationsbeforeincometaxesextraordinaryitemsnoncontrollinginterest": -78372000,
        "incometaxexpensebenefit": 441000,
        "earningspersharebasicanddiluted": -0.4,
        "weightedaveragenumberofshareoutstandingbasicanddiluted": 195807000
    },
    {
        "date": "2016-07-30",
        "symbol": "PSTG",
        "period": "Q2",
        "netincomeloss": -59550000,
        "othercomprehensiveincomeunrealizedholdinggainlossonsecuritiesarisingduringperiodnetoftax": 45000,
        "comprehensiveincomenetoftax": -59505000,
        "salesrevenuegoodsnet": 130920000,
        "salesrevenueservicesnet": 32294000,
        "salesrevenuenet": 41111000,
        "costofgoodssold": 42847000,
        "costofservices": 14000000,
        "costofgoodsandservicessold": 56847000,
        "grossprofit": 106367000,
        "researchanddevelopmentexpense": 58635000,
        "sellingandmarketingexpense": 87583000,
        "generalandadministrativeexpense": 19630000,
        "operatingexpenses": 165848000,
        "operatingincomeloss": -59481000,
        "nonoperatingincomeexpense": 37000,
        "incomelossfromcontinuingoperationsbeforeincometaxesextraordinaryitemsnoncontrollinginterest": -59444000,
        "incometaxexpensebenefit": 106000,
        "earningspersharebasicanddiluted": -0.31,
        "weightedaveragenumberofshareoutstandingbasicanddiluted": 192730000
    },
    {
        "date": "2016-04-29",
        "symbol": "PSTG",
        "period": "Q1",
        "salesrevenuegoodsnet": 111738000,
        "salesrevenueservicesnet": 28209000,
        "salesrevenuenet": 28720000,
        "costofgoodssold": 34042000,
        "costofservices": 12893000,
        "costofgoodsandservicessold": 46935000,
        "grossprofit": 93012000,
        "researchanddevelopmentexpense": 52500000,
        "sellingandmarketingexpense": 82816000,
        "generalandadministrativeexpense": 21482000,
        "operatingexpenses": 156798000,
        "operatingincomeloss": -63786000,
        "nonoperatingincomeexpense": 1282000,
        "incomelossfromcontinuingoperationsbeforeincometaxesextraordinaryitemsnoncontrollinginterest": -62504000,
        "incometaxexpensebenefit": 955000,
        "netincomeloss": -63459000,
        "earningspersharebasicanddiluted": -0.34,
        "weightedaveragenumberofshareoutstandingbasicanddiluted": 189283000,
        "othercomprehensiveincomeunrealizedholdinggainlossonsecuritiesarisingduringperiodnetoftax": 807000,
        "comprehensiveincomenetoftax": -62652000
    },
    {
        "date": "2015-10-30",
        "symbol": "PSTG",
        "period": "Q3",
        "salesrevenuegoodsnet": 113573000,
        "salesrevenueservicesnet": 17791000,
        "salesrevenuenet": 25749000,
        "costofgoodssold": 41995000,
        "costofservices": 9058000,
        "costofgoodsandservicessold": 51053000,
        "grossprofit": 80311000,
        "researchanddevelopmentexpense": 43065000,
        "sellingandmarketingexpense": 63803000,
        "generalandadministrativeexpense": 29022000,
        "operatingexpenses": 135890000,
        "operatingincomeloss": -55579000,
        "nonoperatingincomeexpense": -171000,
        "incomelossfromcontinuingoperationsbeforeincometaxesextraordinaryitemsnoncontrollinginterest": -55750000,
        "incometaxexpensebenefit": 751000,
        "netincomeloss": -56501000,
        "earningspersharebasicanddiluted": -0.76,
        "weightedaveragenumberofshareoutstandingbasicanddiluted": 74565000
    }
]