[
    {
        "date": "2024-09-29",
        "symbol": "FAST",
        "period": "Q3",
        "revenuefromcontractwithcustomerexcludingassessedtax": 1910200000,
        "costofgoodsandservicessold": 1051600000,
        "grossprofit": 858600000,
        "sellinggeneralandadministrativeexpense": 470500000,
        "operatingincomeloss": 388100000,
        "interestandotherincome": 1300000,
        "interestexpensenonoperating": 1800000,
        "incomelossfromcontinuingoperationsbeforeincometaxesextraordinaryitemsnoncontrollinginterest": 387600000,
        "incometaxexpensebenefit": 89500000,
        "netincomeloss": 298100000,
        "earningspersharebasic": 0.52,
        "earningspersharediluted": 0.52,
        "weightedaveragenumberofsharesoutstandingbasic": 572735205,
        "weightedaveragenumberofdilutedsharesoutstanding": 574183661,
        "othercomprehensiveincomelossforeigncurrencytransactionandtranslationadjustmentnetoftax": 17400000,
        "comprehensiveincomenetoftax": 315500000
    },
    {
        "date": "2024-06-29",
        "symbol": "FAST",
        "period": "Q2",
        "revenuefromcontractwithcustomerexcludingassessedtax": 1916200000,
        "costofgoodsandservicessold": 1052700000,
        "grossprofit": 863500000,
        "sellinggeneralandadministrativeexpense": 476600000,
        "operatingincomeloss": 386900000,
        "interestandotherincome": 1300000,
        "interestexpensenonoperating": 1800000,
        "incomelossfromcontinuingoperationsbeforeincometaxesextraordinaryitemsnoncontrollinginterest": 386400000,
        "incometaxexpensebenefit": 93700000,
        "netincomeloss": 292700000,
        "earningspersharebasic": 0.51,
        "earningspersharediluted": 0.51,
        "weightedaveragenumberofsharesoutstandingbasic": 572600000,
        "weightedaveragenumberofdilutedsharesoutstanding": 574100000,
        "othercomprehensiveincomelossforeigncurrencytransactionandtranslationadjustmentnetoftax": -7800000,
        "comprehensiveincomenetoftax": 284900000
    },
    {
        "date": "2024-03-30",
        "symbol": "FAST",
        "period": "Q1",
        "revenuefromcontractwithcustomerexcludingassessedtax": 1895100000,
        "costofgoodsandservicessold": 1033500000,
        "grossprofit": 861600000,
        "sellinggeneralandadministrativeexpense": 471400000,
        "operatingincomeloss": 390200000,
        "interestandotherincome": 1600000,
        "interestexpense": 2000000,
        "incomelossfromcontinuingoperationsbeforeincometaxesextraordinaryitemsnoncontrollinginterest": 389800000,
        "incometaxexpensebenefit": 92100000,
        "netincomeloss": 297700000,
        "earningspersharebasic": 0.52,
        "earningspersharediluted": 0.52,
        "weightedaveragenumberofsharesoutstandingbasic": 572300000,
        "weightedaveragenumberofdilutedsharesoutstanding": 574100000,
        "othercomprehensiveincomelossforeigncurrencytransactionandtranslationadjustmentnetoftax": -11900000,
        "comprehensiveincomenetoftax": 285800000
    },
    {
        "date": "2023-12-30",
        "symbol": "FAST",
        "period": "Q4",
        "revenuefromcontractwithcustomerexcludingassessedtax": 1758600000,
        "costofgoodsandservicessold": 959200000,
        "grossprofit": 799400000,
        "sellinggeneralandadministrativeexpense": 445500000,
        "operatingincomeloss": 353900000,
        "interestandotherincome": 2300000,
        "interestexpense": 1900000,
        "incomelossfromcontinuingoperationsbeforeincometaxesextraordinaryitemsnoncontrollinginterest": 354300000,
        "incometaxexpensebenefit": 87900000,
        "netincomeloss": 266400000,
        "earningspersharebasic": 0.45999999999999996,
        "earningspersharediluted": 0.45999999999999996,
        "weightedaveragenumberofsharesoutstandingbasic": 571300000,
        "weightedaveragenumberofdilutedsharesoutstanding": 573000000,
        "othercomprehensiveincomelossforeigncurrencytransactionandtranslationadjustmentnetoftax": 16700000,
        "comprehensiveincomenetoftax": 283100000
    },
    {
        "date": "2023-09-29",
        "symbol": "FAST",
        "period": "Q3",
        "revenuefromcontractwithcustomerexcludingassessedtax": 1845900000,
        "costofgoodsandservicessold": 998300000,
        "grossprofit": 847600000,
        "sellinggeneralandadministrativeexpense": 460900000,
        "operatingincomeloss": 386700000,
        "interestandotherincome": 800000,
        "interestexpense": 2100000,
        "incomelossfromcontinuingoperationsbeforeincometaxesextraordinaryitemsnoncontrollinginterest": 385400000,
        "incometaxexpensebenefit": 89900000,
        "netincomeloss": 295500000,
        "earningspersharebasic": 0.52,
        "earningspersharediluted": 0.52,
        "weightedaveragenumberofsharesoutstandingbasic": 571400000,
        "weightedaveragenumberofdilutedsharesoutstanding": 573100000,
        "othercomprehensiveincomelossforeigncurrencytransactionandtranslationadjustmentnetoftax": -14600000,
        "comprehensiveincomenetoftax": 280900000
    },
    {
        "date": "2023-06-29",
        "symbol": "FAST",
        "period": "Q2",
        "revenuefromcontractwithcustomerexcludingassessedtax": 1883100000,
        "costofgoodsandservicessold": 1025600000,
        "grossprofit": 857500000,
        "sellinggeneralandadministrativeexpense": 462600000,
        "operatingincomeloss": 394900000,
        "interestandotherincome": 600000,
        "interestexpense": 2900000,
        "incomelossfromcontinuingoperationsbeforeincometaxesextraordinaryitemsnoncontrollinginterest": 392600000,
        "incometaxexpensebenefit": 94600000,
        "netincomeloss": 298000000,
        "earningspersharebasic": 0.52,
        "earningspersharediluted": 0.52,
        "weightedaveragenumberofsharesoutstandingbasic": 571100000,
        "weightedaveragenumberofdilutedsharesoutstanding": 572900000,
        "othercomprehensiveincomelossforeigncurrencytransactionandtranslationadjustmentnetoftax": 3600000,
        "comprehensiveincomenetoftax": 301600000
    },
    {
        "date": "2023-03-30",
        "symbol": "FAST",
        "period": "Q1",
        "revenuefromcontractwithcustomerexcludingassessedtax": 1859100000,
        "costofgoodsandservicessold": 1009100000,
        "grossprofit": 850000000,
        "sellinggeneralandadministrativeexpense": 456800000,
        "operatingincomeloss": 393200000,
        "interestandotherincome": 400000,
        "interestexpense": 3900000,
        "incomelossfromcontinuingoperationsbeforeincometaxesextraordinaryitemsnoncontrollinginterest": 389700000,
        "incometaxexpensebenefit": 94600000,
        "netincomeloss": 295100000,
        "earningspersharebasic": 0.52,
        "earningspersharediluted": 0.52,
        "weightedaveragenumberofsharesoutstandingbasic": 570900000,
        "weightedaveragenumberofdilutedsharesoutstanding": 572600000,
        "othercomprehensiveincomelossforeigncurrencytransactionandtranslationadjustmentnetoftax": 4300000,
        "comprehensiveincomenetoftax": 299400000
    },
    {
        "date": "2022-12-30",
        "symbol": "FAST",
        "period": "Q4",
        "revenuefromcontractwithcustomerexcludingassessedtax": 1695500000,
        "costofgoodsandservicessold": 927100000,
        "grossprofit": 768400000,
        "sellinggeneralandadministrativeexpense": 435400000,
        "operatingincomeloss": 333000000,
        "interestandotherincome": 300000,
        "interestexpense": 5000000,
        "incomelossfromcontinuingoperationsbeforeincometaxesextraordinaryitemsnoncontrollinginterest": 328300000,
        "incometaxexpensebenefit": 82700000,
        "netincomeloss": 245600000,
        "earningspersharebasic": 0.41999999999999993,
        "earningspersharediluted": 0.41999999999999993,
        "weightedaveragenumberofsharesoutstandingbasic": -1150300000,
        "weightedaveragenumberofdilutedsharesoutstanding": -1154100000,
        "othercomprehensiveincomelossforeigncurrencytransactionandtranslationadjustmentnetoftax": 22300000,
        "comprehensiveincomenetoftax": 267900000
    },
    {
        "date": "2022-09-29",
        "symbol": "FAST",
        "period": "Q3",
        "revenuefromcontractwithcustomerexcludingassessedtax": 1802400000,
        "costofgoodsandservicessold": 975900000,
        "grossprofit": 826500000,
        "sellinggeneralandadministrativeexpense": 447300000,
        "operatingincomeloss": 379200000,
        "interestandotherincome": 200000,
        "interestexpense": 4100000,
        "incomelossfromcontinuingoperationsbeforeincometaxesextraordinaryitemsnoncontrollinginterest": 375300000,
        "incometaxexpensebenefit": 90700000,
        "netincomeloss": 284600000,
        "earningspersharebasic": 0.5,
        "earningspersharediluted": 0.5,
        "weightedaveragenumberofsharesoutstandingbasic": 573000000,
        "weightedaveragenumberofdilutedsharesoutstanding": 574700000,
        "othercomprehensiveincomelossforeigncurrencytransactionandtranslationadjustmentnetoftax": -32700000,
        "comprehensiveincomenetoftax": 251900000
    },
    {
        "date": "2022-06-29",
        "symbol": "FAST",
        "period": "Q2",
        "revenuefromcontractwithcustomerexcludingassessedtax": 1778600000,
        "costofgoodsandservicessold": 951000000,
        "grossprofit": 827600000,
        "sellinggeneralandadministrativeexpense": 444200000,
        "operatingincomeloss": 383400000,
        "interestandotherincome": 100000,
        "interestexpense": 2800000,
        "incomelossfromcontinuingoperationsbeforeincometaxesextraordinaryitemsnoncontrollinginterest": 380700000,
        "incometaxexpensebenefit": 93600000,
        "netincomeloss": 287100000,
        "earningspersharebasic": 0.5,
        "earningspersharediluted": 0.5,
        "weightedaveragenumberofsharesoutstandingbasic": 575500000,
        "weightedaveragenumberofdilutedsharesoutstanding": 577400000,
        "othercomprehensiveincomelossforeigncurrencytransactionandtranslationadjustmentnetoftax": -26000000,
        "comprehensiveincomenetoftax": 261100000
    },
    {
        "date": "2022-03-30",
        "symbol": "FAST",
        "period": "Q1",
        "revenuefromcontractwithcustomerexcludingassessedtax": 1704100000,
        "costofgoodsandservicessold": 910800000,
        "grossprofit": 793300000,
        "sellinggeneralandadministrativeexpense": 435300000,
        "operatingincomeloss": 358000000,
        "interestandotherincome": 100000,
        "interestexpense": 2400000,
        "incomelossfromcontinuingoperationsbeforeincometaxesextraordinaryitemsnoncontrollinginterest": 355700000,
        "incometaxexpensebenefit": 86100000,
        "netincomeloss": 269600000,
        "earningspersharebasic": 0.47,
        "earningspersharediluted": 0.47,
        "weightedaveragenumberofsharesoutstandingbasic": 575600000,
        "weightedaveragenumberofdilutedsharesoutstanding": 577600000,
        "othercomprehensiveincomelossforeigncurrencytransactionandtranslationadjustmentnetoftax": 2300000,
        "comprehensiveincomenetoftax": 271900000
    },
    {
        "date": "2021-09-29",
        "symbol": "FAST",
        "period": "Q3",
        "revenuefromcontractwithcustomerexcludingassessedtax": 1554200000,
        "costofgoodsandservicessold": 834000000,
        "grossprofit": 720200000,
        "sellinggeneralandadministrativeexpense": 401800000,
        "operatingincomeloss": 318400000,
        "interestandotherincome": 100000,
        "interestexpense": 2400000,
        "incomelossfromcontinuingoperationsbeforeincometaxesextraordinaryitemsnoncontrollinginterest": 316100000,
        "incometaxexpensebenefit": 72600000,
        "netincomeloss": 243500000,
        "earningspersharebasic": 0.42,
        "earningspersharediluted": 0.42,
        "weightedaveragenumberofsharesoutstandingbasic": 575000000,
        "weightedaveragenumberofdilutedsharesoutstanding": 577300000,
        "othercomprehensiveincomelossforeigncurrencytransactionandtranslationadjustmentnetoftax": -10800000,
        "comprehensiveincomenetoftax": 232700000
    },
    {
        "date": "2021-06-29",
        "symbol": "FAST",
        "period": "Q2",
        "revenuefromcontractwithcustomerexcludingassessedtax": 1507700000,
        "costofgoodsandservicessold": 807000000,
        "grossprofit": 700700000,
        "sellinggeneralandadministrativeexpense": 382900000,
        "operatingincomeloss": 317800000,
        "interestexpense": 2600000,
        "incomelossfromcontinuingoperationsbeforeincometaxesminorityinterestandincomelossfromequitymethodinvestments": 315200000,
        "incometaxexpensebenefit": 75500000,
        "netincomeloss": 239700000,
        "earningspersharebasic": 0.42,
        "earningspersharediluted": 0.42,
        "weightedaveragenumberofsharesoutstandingbasic": 574600000,
        "weightedaveragenumberofdilutedsharesoutstanding": 577000000,
        "othercomprehensiveincomelossforeigncurrencytransactionandtranslationadjustmentnetoftax": 6800000,
        "comprehensiveincomenetoftax": 246500000
    },
    {
        "date": "2021-03-30",
        "symbol": "FAST",
        "period": "Q1",
        "revenuefromcontractwithcustomerexcludingassessedtax": 1417000000,
        "costofgoodsandservicessold": 773600000,
        "grossprofit": 643400000,
        "sellinggeneralandadministrativeexpense": 363100000,
        "operatingincomeloss": 280300000,
        "interestexpense": 2400000,
        "incomelossfromcontinuingoperationsbeforeincometaxesminorityinterestandincomelossfromequitymethodinvestments": 277900000,
        "incometaxexpensebenefit": 67300000,
        "netincomeloss": 210600000,
        "earningspersharebasic": 0.37,
        "earningspersharediluted": 0.37,
        "weightedaveragenumberofsharesoutstandingbasic": 574300000,
        "weightedaveragenumberofdilutedsharesoutstanding": 576500000,
        "othercomprehensiveincomelossforeigncurrencytransactionandtranslationadjustmentnetoftax": -4400000,
        "comprehensiveincomenetoftax": 206200000
    },
    {
        "date": "2020-12-30",
        "symbol": "FAST",
        "period": "Q4",
        "revenuefromcontractwithcustomerexcludingassessedtax": 1358000000,
        "costofgoodsandservicessold": 739200000,
        "grossprofit": 618800000,
        "sellinggeneralandadministrativeexpense": 354700000,
        "gainlossonsaleofpropertyplantequipment": 300000,
        "operatingincomeloss": 264400000,
        "interestandotherincome": 300000,
        "interestexpense": 2500000,
        "incomelossfromcontinuingoperationsbeforeincometaxesminorityinterestandincomelossfromequitymethodinvestments": 262200000,
        "incometaxexpensebenefit": 66100000,
        "netincomeloss": 196100000,
        "earningspersharebasic": 0.33999999999999997,
        "earningspersharediluted": 0.33999999999999997,
        "weightedaveragenumberofsharesoutstandingbasic": -1147200000,
        "weightedaveragenumberofdilutedsharesoutstanding": -1150700000,
        "othercomprehensiveincomelossforeigncurrencytransactionandtranslationadjustmentnetoftax": 20600000,
        "comprehensiveincomenetoftax": 216700000
    },
    {
        "date": "2020-09-29",
        "symbol": "FAST",
        "period": "Q3",
        "revenuefromcontractwithcustomerexcludingassessedtax": 1413300000,
        "costofgoodsandservicessold": 772700000,
        "grossprofit": 640600000,
        "sellinggeneralandadministrativeexpense": 351500000,
        "gainlossonsaleofpropertyplantequipment": 1000000,
        "operatingincomeloss": 290100000,
        "interestandotherincome": 100000,
        "interestexpense": 2600000,
        "incomelossfromcontinuingoperationsbeforeincometaxesminorityinterestandincomelossfromequitymethodinvestments": 287600000,
        "incometaxexpensebenefit": 66100000,
        "netincomeloss": 221500000,
        "earningspersharebasic": 0.39,
        "earningspersharediluted": 0.38,
        "weightedaveragenumberofsharesoutstandingbasic": 573900000,
        "weightedaveragenumberofdilutedsharesoutstanding": 576100000,
        "othercomprehensiveincomelossforeigncurrencytransactionandtranslationadjustmentnetoftax": 11100000,
        "comprehensiveincomenetoftax": 232600000
    },
    {
        "date": "2020-06-29",
        "symbol": "FAST",
        "period": "Q2",
        "netincomeloss": 238900000,
        "othercomprehensiveincomelossforeigncurrencytransactionandtranslationadjustmentnetoftax": 10500000,
        "comprehensiveincomenetoftax": 249400000,
        "revenuefromcontractwithcustomerexcludingassessedtax": 1509000000,
        "costofgoodsandservicessold": 837400000,
        "grossprofit": 671600000,
        "sellinggeneralandadministrativeexpense": 355300000,
        "gainlossonsaleofpropertyplantequipment": -300000,
        "operatingincomeloss": 316000000,
        "interestandotherincome": 100000,
        "interestexpense": 2400000,
        "incomelossfromcontinuingoperationsbeforeincometaxesminorityinterestandincomelossfromequitymethodinvestments": 313700000,
        "incometaxexpensebenefit": 74800000,
        "earningspersharebasic": 0.42,
        "earningspersharediluted": 0.42,
        "weightedaveragenumberofsharesoutstandingbasic": 573200000,
        "weightedaveragenumberofdilutedsharesoutstanding": 575000000
    },
    {
        "date": "2020-03-30",
        "symbol": "FAST",
        "period": "Q1",
        "netincomeloss": 202600000,
        "othercomprehensiveincomelossforeigncurrencytransactionandtranslationadjustmentnetoftax": -25000000,
        "comprehensiveincomenetoftax": 177600000,
        "revenuefromcontractwithcustomerexcludingassessedtax": 1367000000,
        "costofgoodsandservicessold": 730200000,
        "grossprofit": 636800000,
        "sellinggeneralandadministrativeexpense": 365900000,
        "gainlossonsaleofpropertyplantequipment": 400000,
        "operatingincomeloss": 271300000,
        "interestandotherincome": 100000,
        "interestexpense": 2200000,
        "incomelossfromcontinuingoperationsbeforeincometaxesminorityinterestandincomelossfromequitymethodinvestments": 269200000,
        "incometaxexpensebenefit": 66600000,
        "earningspersharebasic": 0.35,
        "earningspersharediluted": 0.35,
        "weightedaveragenumberofsharesoutstandingbasic": 573900000,
        "weightedaveragenumberofdilutedsharesoutstanding": 575300000
    },
    {
        "date": "2019-12-30",
        "symbol": "FAST",
        "period": "Q4",
        "netincomeloss": 178700000,
        "othercomprehensiveincomelossforeigncurrencytransactionandtranslationadjustmentnetoftax": 10600000,
        "comprehensiveincomenetoftax": 189300000,
        "revenuefromcontractwithcustomerexcludingassessedtax": 1276900000,
        "costofgoodsandservicessold": 678500000,
        "grossprofit": 598400000,
        "sellinggeneralandadministrativeexpense": 359900000,
        "operatingincomeloss": 238900000,
        "interestandotherincome": 100000,
        "interestexpense": 2600000,
        "incomelossfromcontinuingoperationsbeforeincometaxesminorityinterestandincomelossfromequitymethodinvestments": 236400000,
        "incometaxexpensebenefit": 57700000,
        "earningspersharebasic": 0.30999999999999983,
        "earningspersharediluted": 0.30999999999999983,
        "weightedaveragenumberofsharesoutstandingbasic": 300000,
        "weightedaveragenumberofdilutedsharesoutstanding": 400000
    },
    {
        "date": "2019-09-29",
        "symbol": "FAST",
        "period": "Q3",
        "netincomeloss": 213500000,
        "othercomprehensiveincomelossforeigncurrencytransactionandtranslationadjustmentnetoftax": -9600000,
        "comprehensiveincomenetoftax": 203900000,
        "revenuefromcontractwithcustomerexcludingassessedtax": 1379100000,
        "costofgoodsandservicessold": 728000000,
        "grossprofit": 651100000,
        "sellinggeneralandadministrativeexpense": 369200000,
        "gainlossonsaleofpropertyplantequipment": 0,
        "operatingincomeloss": 281900000,
        "interestandotherincome": 100000,
        "interestexpense": 3600000,
        "incomelossfromcontinuingoperationsbeforeincometaxesminorityinterestandincomelossfromequitymethodinvestments": 278400000,
        "incometaxexpensebenefit": 64900000,
        "earningspersharebasic": 0.030000000000000027,
        "earningspersharediluted": 0.030000000000000027,
        "weightedaveragenumberofsharesoutstandingbasic": -286386301,
        "weightedaveragenumberofdilutedsharesoutstanding": -287096981
    },
    {
        "date": "2019-06-29",
        "symbol": "FAST",
        "period": "Q2",
        "netincomeloss": 204600000,
        "othercomprehensiveincomelossforeigncurrencytransactionandtranslationadjustmentnetoftax": 1700000,
        "comprehensiveincomenetoftax": 206300000,
        "revenuefromcontractwithcustomerexcludingassessedtax": 1368400000,
        "costofgoodsandservicessold": 727200000,
        "grossprofit": 641200000,
        "sellinggeneralandadministrativeexpense": 366700000,
        "gainlossonsaleofpropertyplantequipment": 500000,
        "operatingincomeloss": 275000000,
        "interestandotherincome": 100000,
        "interestexpense": 3700000,
        "incomelossfromcontinuingoperationsbeforeincometaxesminorityinterestandincomelossfromequitymethodinvestments": 271400000,
        "incometaxexpensebenefit": 66800000,
        "earningspersharebasic": 0.36,
        "earningspersharediluted": 0.36,
        "weightedaveragenumberofsharesoutstandingbasic": 573200000,
        "weightedaveragenumberofdilutedsharesoutstanding": 574600000
    },
    {
        "date": "2019-03-30",
        "symbol": "FAST",
        "period": "Q1",
        "netincomeloss": 194100000,
        "othercomprehensiveincomelossforeigncurrencytransactionandtranslationadjustmentnetoftax": 3700000,
        "comprehensiveincomenetoftax": 197800000,
        "revenuefromcontractwithcustomerexcludingassessedtax": 1309300000,
        "costofgoodsandservicessold": 684600000,
        "grossprofit": 624700000,
        "sellinggeneralandadministrativeexpense": 363600000,
        "gainlossonsaleofpropertyplantequipment": 300000,
        "operatingincomeloss": 261400000,
        "interestandotherincome": 100000,
        "interestexpense": 4000000,
        "incomelossfromcontinuingoperationsbeforeincometaxesminorityinterestandincomelossfromequitymethodinvestments": 257500000,
        "incometaxexpensebenefit": 63400000,
        "earningspersharebasic": 0.68,
        "earningspersharediluted": 0.68,
        "weightedaveragenumberofsharesoutstandingbasic": 286086301,
        "weightedaveragenumberofdilutedsharesoutstanding": 286496981
    },
    {
        "date": "2018-12-30",
        "symbol": "FAST",
        "period": "Q4",
        "netincomeloss": 168800000,
        "othercomprehensiveincomelossforeigncurrencytransactionandtranslationadjustmentnetoftax": -8100000,
        "comprehensiveincomenetoftax": 160700000,
        "costofgoodsandservicessold": 643800000,
        "grossprofit": 587800000,
        "sellinggeneralandadministrativeexpense": 354400000,
        "gainlossonsaleofpropertyplantequipment": 0,
        "operatingincomeloss": 233400000,
        "interestandotherincome": 100000,
        "interestexpense": 3700000,
        "incomelossfromcontinuingoperationsbeforeincometaxesminorityinterestandincomelossfromequitymethodinvestments": 229800000,
        "incometaxexpensebenefit": 61000000,
        "earningspersharebasic": 0.5800000000000002,
        "earningspersharediluted": 0.5800000000000002,
        "weightedaveragenumberofsharesoutstandingbasic": -574823220,
        "weightedaveragenumberofdilutedsharesoutstanding": -575233708
    },
    {
        "date": "2018-09-29",
        "symbol": "FAST",
        "period": "Q3",
        "netincomeloss": 197600000,
        "othercomprehensiveincomelossforeigncurrencytransactionandtranslationadjustmentnetoftax": -800000,
        "comprehensiveincomenetoftax": 196800000,
        "revenuefromcontractwithcustomerexcludingassessedtax": 98300000,
        "costofgoodsandservicessold": 664000000,
        "grossprofit": 615800000,
        "sellinggeneralandadministrativeexpense": 353800000,
        "gainlossonsaleofpropertyplantequipment": 300000,
        "operatingincomeloss": 262300000,
        "interestandotherincome": 100000,
        "interestexpense": 3000000,
        "incomelossfromcontinuingoperationsbeforeincometaxesminorityinterestandincomelossfromequitymethodinvestments": 259400000,
        "incometaxexpensebenefit": 61800000,
        "earningspersharebasic": 0.69,
        "earningspersharediluted": 0.69,
        "weightedaveragenumberofsharesoutstandingbasic": 287006910,
        "weightedaveragenumberofdilutedsharesoutstanding": 287263222
    },
    {
        "date": "2018-06-29",
        "symbol": "FAST",
        "period": "Q2",
        "netincomeloss": 211200000,
        "othercomprehensiveincomelossforeigncurrencytransactionandtranslationadjustmentnetoftax": -12800000,
        "comprehensiveincomenetoftax": 198400000,
        "salesrevenuenet": 1267900000,
        "costofgoodsandservicessold": 650200000,
        "grossprofit": 617700000,
        "sellinggeneralandadministrativeexpense": 349300000,
        "gainlossonsaleofpropertyplantequipment": 600000,
        "operatingincomeloss": 269000000,
        "interestandotherincome": 100000,
        "interestexpense": 3200000,
        "incomelossfromcontinuingoperationsbeforeincometaxesminorityinterestandincomelossfromequitymethodinvestments": 265900000,
        "incometaxexpensebenefit": 54700000,
        "earningspersharebasic": 0.74,
        "earningspersharediluted": 0.74,
        "weightedaveragenumberofsharesoutstandingbasic": 287140426,
        "weightedaveragenumberofdilutedsharesoutstanding": 287257487
    },
    {
        "date": "2018-03-30",
        "symbol": "FAST",
        "period": "Q1",
        "netincomeloss": 174300000,
        "othercomprehensiveincomelossforeigncurrencytransactionandtranslationadjustmentnetoftax": 2000000,
        "comprehensiveincomenetoftax": 176300000,
        "salesrevenuenet": 1185800000,
        "costofgoodsandservicessold": 608200000,
        "grossprofit": 577600000,
        "sellinggeneralandadministrativeexpense": 342700000,
        "gainlossonsaleofpropertyplantequipment": -400000,
        "operatingincomeloss": 234500000,
        "interestandotherincome": 100000,
        "interestexpense": 2700000,
        "incomelossfromcontinuingoperationsbeforeincometaxesminorityinterestandincomelossfromequitymethodinvestments": 231900000,
        "incometaxexpensebenefit": 57600000,
        "earningspersharebasic": 0.61,
        "earningspersharediluted": 0.61,
        "weightedaveragenumberofsharesoutstandingbasic": 287642801,
        "weightedaveragenumberofdilutedsharesoutstanding": 287875763
    },
    {
        "date": "2017-09-29",
        "symbol": "FAST",
        "period": "Q3",
        "netincomeloss": 1400000,
        "othercomprehensiveincomelossforeigncurrencytransactionandtranslationadjustmentnetoftax": 8200000,
        "comprehensiveincomenetoftax": 151300000,
        "salesrevenuenet": 13400000,
        "costofgoodsandservicessold": 576900000,
        "grossprofit": 555900000,
        "sellinggeneralandadministrativeexpense": 327500000,
        "gainlossonsaleofpropertyplantequipment": 100000,
        "operatingincomeloss": 228500000,
        "interestandotherincome": 100000,
        "interestexpense": 2600000,
        "incomelossfromcontinuingoperationsbeforeincometaxesminorityinterestandincomelossfromequitymethodinvestments": 226000000,
        "incometaxexpensebenefit": 82900000,
        "earningspersharebasic": 0.5,
        "earningspersharediluted": 0.5,
        "weightedaveragenumberofsharesoutstandingbasic": 287456943,
        "weightedaveragenumberofdilutedsharesoutstanding": 287578043
    },
    {
        "date": "2017-06-29",
        "symbol": "FAST",
        "period": "Q2",
        "netincomeloss": 1600000,
        "othercomprehensiveincomelossforeigncurrencytransactionandtranslationadjustmentnetoftax": 8100000,
        "comprehensiveincomenetoftax": 157000000,
        "salesrevenuenet": 13500000,
        "costofgoodsandservicessold": 563000000,
        "grossprofit": 558500000,
        "sellinggeneralandadministrativeexpense": 321600000,
        "gainlossonsaleofpropertyplantequipment": 600000,
        "operatingincomeloss": 237500000,
        "interestandotherincome": 100000,
        "interestexpense": 2200000,
        "incomelossfromcontinuingoperationsbeforeincometaxesminorityinterestandincomelossfromequitymethodinvestments": 235400000,
        "incometaxexpensebenefit": 86500000,
        "earningspersharebasic": 0.52,
        "earningspersharediluted": 0.52,
        "weightedaveragenumberofsharesoutstandingbasic": 288655020,
        "weightedaveragenumberofdilutedsharesoutstanding": 288788963
    },
    {
        "date": "2017-03-30",
        "symbol": "FAST",
        "period": "Q1",
        "netincomeloss": 134200000,
        "othercomprehensiveincomelossforeigncurrencytransactionandtranslationadjustmentnetoftax": 2900000,
        "comprehensiveincomenetoftax": 137100000,
        "salesrevenuenet": 1047700000,
        "costofgoodsandservicessold": 529700000,
        "grossprofit": 518000000,
        "sellinggeneralandadministrativeexpense": 305900000,
        "gainlossonsaleofpropertyplantequipment": 400000,
        "operatingincomeloss": 212500000,
        "interestandotherincome": 100000,
        "interestexpense": 1700000,
        "incomelossfromcontinuingoperationsbeforeincometaxesminorityinterestandincomelossfromequitymethodinvestments": 210900000,
        "incometaxexpensebenefit": 76700000,
        "earningspersharebasic": 0.46,
        "earningspersharediluted": 0.46,
        "weightedaveragenumberofsharesoutstandingbasic": 289242447,
        "weightedaveragenumberofdilutedsharesoutstanding": 289455941
    },
    {
        "date": "2016-09-29",
        "symbol": "FAST",
        "period": "Q3",
        "netincomeloss": 126925000,
        "othercomprehensiveincomelossforeigncurrencytransactionandtranslationadjustmentnetoftax": -2901000,
        "comprehensiveincomenetoftax": 124024000,
        "salesrevenuenet": 1013122000,
        "costofgoodsandservicessold": 513288000,
        "grossprofit": 499834000,
        "sellinggeneralandadministrativeexpense": 297047000,
        "gainlossonsaleofpropertyplantequipment": 182000,
        "operatingincomeloss": 202969000,
        "interestandotherincome": 105000,
        "interestexpense": 1835000,
        "incomelossfromcontinuingoperationsbeforeincometaxesminorityinterestandincomelossfromequitymethodinvestments": 201239000,
        "incometaxexpensebenefit": 74314000,
        "earningspersharebasic": 0.44,
        "earningspersharediluted": 0.44,
        "weightedaveragenumberofsharesoutstandingbasic": 288995492,
        "weightedaveragenumberofdilutedsharesoutstanding": 289149606
    },
    {
        "date": "2016-06-29",
        "symbol": "FAST",
        "period": "Q2",
        "netincomeloss": 131521000,
        "othercomprehensiveincomelossforeigncurrencytransactionandtranslationadjustmentnetoftax": -1555000,
        "comprehensiveincomenetoftax": 129966000,
        "salesrevenuenet": 1014287000,
        "costofgoodsandservicessold": 512695000,
        "grossprofit": 501592000,
        "sellinggeneralandadministrativeexpense": 292619000,
        "gainlossonsaleofpropertyplantequipment": 236000,
        "operatingincomeloss": 209209000,
        "interestandotherincome": 92000,
        "interestexpense": 1484000,
        "incomelossfromcontinuingoperationsbeforeincometaxesminorityinterestandincomelossfromequitymethodinvestments": 207817000,
        "incometaxexpensebenefit": 76296000,
        "earningspersharebasic": 0.46,
        "earningspersharediluted": 0.45,
        "weightedaveragenumberofsharesoutstandingbasic": 288918945,
        "weightedaveragenumberofdilutedsharesoutstanding": 289119470
    },
    {
        "date": "2016-03-30",
        "symbol": "FAST",
        "period": "Q1",
        "netincomeloss": 126227000,
        "othercomprehensiveincomelossforeigncurrencytransactionandtranslationadjustmentnetoftax": 13716000,
        "comprehensiveincomenetoftax": 139943000,
        "salesrevenuenet": 986680000,
        "costofgoodsandservicessold": 495220000,
        "grossprofit": 491460000,
        "sellinggeneralandadministrativeexpense": 290181000,
        "gainlossonsaleofpropertyplantequipment": -106000,
        "operatingincomeloss": 201173000,
        "investmentincomeinterest": 61000,
        "interestexpense": 1383000,
        "incomelossfromcontinuingoperationsbeforeincometaxesminorityinterestandincomelossfromequitymethodinvestments": 199851000,
        "incometaxexpensebenefit": 73624000,
        "earningspersharebasic": 0.44,
        "earningspersharediluted": 0.44,
        "weightedaveragenumberofsharesoutstandingbasic": 288808019,
        "weightedaveragenumberofdilutedsharesoutstanding": 289123603
    },
    {
        "date": "2015-09-29",
        "symbol": "FAST",
        "period": "Q3",
        "netincomeloss": 136494000,
        "othercomprehensiveincomelossforeigncurrencytransactionandtranslationadjustmentnetoftax": -16734000,
        "comprehensiveincomenetoftax": 119760000,
        "salesrevenuenet": 995250000,
        "costofgoodsandservicessold": 493025000,
        "grossprofit": 502225000,
        "sellinggeneralandadministrativeexpense": 282378000,
        "gainlossonsaleofpropertyplantequipment": 162000,
        "operatingincomeloss": 220009000,
        "investmentincomeinterest": 137000,
        "interestexpense": 942000,
        "incomelossfromcontinuingoperationsbeforeincometaxesminorityinterestandincomelossfromequitymethodinvestments": 219204000,
        "incometaxexpensebenefit": 82710000,
        "earningspersharebasic": 0.47,
        "earningspersharediluted": 0.47,
        "weightedaveragenumberofsharesoutstandingbasic": 289917768,
        "weightedaveragenumberofdilutedsharesoutstanding": 290474539
    },
    {
        "date": "2015-06-29",
        "symbol": "FAST",
        "period": "Q2",
        "netincomeloss": 140357000,
        "othercomprehensiveincomelossforeigncurrencytransactionandtranslationadjustmentnetoftax": 3789000,
        "comprehensiveincomenetoftax": 144146000,
        "salesrevenuenet": 997827000,
        "costofgoodsandservicessold": 495740000,
        "grossprofit": 502087000,
        "sellinggeneralandadministrativeexpense": 276644000,
        "gainlossonsaleofpropertyplantequipment": 390000,
        "operatingincomeloss": 225833000,
        "investmentincomeinterest": 63000,
        "interestexpense": 797000,
        "incomelossfromcontinuingoperationsbeforeincometaxesminorityinterestandincomelossfromequitymethodinvestments": 225099000,
        "incometaxexpensebenefit": 84742000,
        "earningspersharebasic": 0.48,
        "earningspersharediluted": 0.48,
        "weightedaveragenumberofsharesoutstandingbasic": 291176985,
        "weightedaveragenumberofdilutedsharesoutstanding": 291830137
    },
    {
        "date": "2015-03-30",
        "symbol": "FAST",
        "period": "Q1",
        "netincomeloss": 127606000,
        "othercomprehensiveincomelossforeigncurrencytransactionandtranslationadjustmentnetoftax": -19450000,
        "comprehensiveincomenetoftax": 108156000,
        "salesrevenuenet": 953317000,
        "costofgoodsandservicessold": 469267000,
        "grossprofit": 484050000,
        "sellinggeneralandadministrativeexpense": 280387000,
        "gainlossonsaleofpropertyplantequipment": 108000,
        "operatingincomeloss": 203771000,
        "investmentincomeinterest": 99000,
        "interestexpense": 358000,
        "incomelossfromcontinuingoperationsbeforeincometaxesminorityinterestandincomelossfromequitymethodinvestments": 203512000,
        "incometaxexpensebenefit": 75906000,
        "earningspersharebasic": 0.43,
        "earningspersharediluted": 0.43,
        "weightedaveragenumberofsharesoutstandingbasic": 295237625,
        "weightedaveragenumberofdilutedsharesoutstanding": 295936718
    },
    {
        "date": "2014-09-29",
        "symbol": "FAST",
        "period": "Q3",
        "netincomeloss": 133314000,
        "othercomprehensiveincomelossforeigncurrencytransactionandtranslationadjustmentnetoftax": -11516000,
        "othercomprehensiveincomelossavailableforsalesecuritiesadjustmentnetoftax": -256000,
        "comprehensiveincomenetoftax": 121542000,
        "salesrevenuenet": 980814000,
        "costofgoodsandservicessold": 482121000,
        "grossprofit": 498693000,
        "sellinggeneralandadministrativeexpense": 286132000,
        "gainlossonsaleofpropertyplantequipment": 310000,
        "operatingincomeloss": 212871000,
        "investmentincomeinterest": 388000,
        "interestexpense": 271000,
        "incomelossfromcontinuingoperationsbeforeincometaxesminorityinterestandincomelossfromequitymethodinvestments": 212988000,
        "incometaxexpensebenefit": 79674000,
        "earningspersharebasic": 0.45,
        "earningspersharediluted": 0.45,
        "weightedaveragenumberofsharesoutstandingbasic": 296595100,
        "weightedaveragenumberofdilutedsharesoutstanding": 297377594
    },
    {
        "date": "2014-03-30",
        "symbol": "FAST",
        "period": "Q1",
        "netincomeloss": 111931000,
        "othercomprehensiveincomelossforeigncurrencytransactionandtranslationadjustmentnetoftax": -4837000,
        "othercomprehensiveincomelossavailableforsalesecuritiesadjustmentnetoftax": 2000,
        "comprehensiveincomenetoftax": 107096000,
        "salesrevenuenet": 876501000,
        "costofgoodsandservicessold": 428023000,
        "grossprofit": 448478000,
        "sellinggeneralandadministrativeexpense": 269843000,
        "gainlossonsaleofpropertyplantequipment": 216000,
        "operatingincomeloss": 178851000,
        "investmentincomeinterest": 120000,
        "interestexpense": 126000,
        "incomelossfromcontinuingoperationsbeforeincometaxesminorityinterestandincomelossfromequitymethodinvestments": 178845000,
        "incometaxexpensebenefit": 66914000,
        "earningspersharebasic": 0.38,
        "earningspersharediluted": 0.38,
        "weightedaveragenumberofsharesoutstandingbasic": 296641994,
        "weightedaveragenumberofdilutedsharesoutstanding": 297495170
    },
    {
        "date": "2013-09-29",
        "symbol": "FAST",
        "period": "Q3",
        "netincomeloss": 119350000,
        "othercomprehensiveincomelossforeigncurrencytransactionandtranslationadjustmentnetoftax": 3668000,
        "othercomprehensiveincomelossavailableforsalesecuritiesadjustmentnetoftax": 4000,
        "comprehensiveincomenetoftax": 123022000,
        "salesrevenuenet": 858424000,
        "costofgoodsandservicessold": 415029000,
        "grossprofit": 443395000,
        "sellinggeneralandadministrativeexpense": 254957000,
        "gainlossonsaleofpropertyplantequipment": 112000,
        "operatingincomeloss": 188550000,
        "investmentincomeinterest": 118000,
        "interestexpense": 25000,
        "incomelossfromcontinuingoperationsbeforeincometaxesminorityinterestandincomelossfromequitymethodinvestments": 188643000,
        "incometaxexpensebenefit": 69293000,
        "earningspersharebasic": 0.4,
        "earningspersharediluted": 0.4,
        "weightedaveragenumberofsharesoutstandingbasic": 296842771,
        "weightedaveragenumberofdilutedsharesoutstanding": 297716375
    },
    {
        "date": "2013-06-29",
        "symbol": "FAST",
        "period": "Q2",
        "netincomeloss": 121009000,
        "othercomprehensiveincomelossforeigncurrencytransactionandtranslationadjustmentnetoftax": -3288000,
        "othercomprehensiveincomelossavailableforsalesecuritiesadjustmentnetoftax": 20000,
        "comprehensiveincomenetoftax": 117741000,
        "salesrevenuenet": 847596000,
        "costofgoodsandservicessold": 404875000,
        "grossprofit": 442721000,
        "sellinggeneralandadministrativeexpense": 250750000,
        "gainlossonsaleofpropertyplantequipment": 243000,
        "operatingincomeloss": 192214000,
        "investmentincomeinterest": 168000,
        "interestexpense": 3000,
        "incomelossfromcontinuingoperationsbeforeincometaxesminorityinterestandincomelossfromequitymethodinvestments": 192379000,
        "incometaxexpensebenefit": 71370000,
        "earningspersharebasic": 0.41,
        "earningspersharediluted": 0.41,
        "weightedaveragenumberofsharesoutstandingbasic": 296778588,
        "weightedaveragenumberofdilutedsharesoutstanding": 297722270
    },
    {
        "date": "2013-03-30",
        "symbol": "FAST",
        "period": "Q1",
        "netincomeloss": 109048000,
        "othercomprehensiveincomelossforeigncurrencytransactionandtranslationadjustmentnetoftax": -4072000,
        "othercomprehensiveincomelossavailableforsalesecuritiesadjustmentnetoftax": 63000,
        "comprehensiveincomenetoftax": 105039000,
        "salesrevenuenet": 806326000,
        "costofgoodsandservicessold": 384446000,
        "grossprofit": 421880000,
        "sellinggeneralandadministrativeexpense": 247334000,
        "gainlossonsaleofpropertyplantequipment": 213000,
        "operatingincomeloss": 174759000,
        "investmentincomeinterest": 447000,
        "interestexpense": 34000,
        "incomelossfromcontinuingoperationsbeforeincometaxesminorityinterestandincomelossfromequitymethodinvestments": 175172000,
        "incometaxexpensebenefit": 66124000,
        "earningspersharebasic": 0.37,
        "earningspersharediluted": 0.37,
        "weightedaveragenumberofsharesoutstandingbasic": 296643014,
        "weightedaveragenumberofdilutedsharesoutstanding": 297651960
    },
    {
        "date": "2012-09-29",
        "symbol": "FAST",
        "period": "Q3",
        "netincomeloss": 109320000,
        "othercomprehensiveincomelossforeigncurrencytransactionandtranslationadjustmentbeforetax": 4598000,
        "othercomprehensiveincomelossavailableforsalesecuritiesadjustmentbeforetax": 56000,
        "othercomprehensiveincomelossbeforetax": 4654000,
        "othercomprehensiveincomelosstax": 1759000,
        "othercomprehensiveincomelossnetoftax": 2895000,
        "comprehensiveincomenetoftax": 112215000,
        "salesrevenuenet": 802577000,
        "costofgoodsandservicessold": 388202000,
        "grossprofit": 414375000,
        "sellinggeneralandadministrativeexpense": 238814000,
        "gainlossonsaleofpropertyplantequipment": 158000,
        "operatingincomeloss": 175719000,
        "investmentincomeinterest": 117000,
        "incomelossfromcontinuingoperationsbeforeincometaxesminorityinterestandincomelossfromequitymethodinvestments": 175836000,
        "incometaxexpensebenefit": 66516000,
        "earningspersharebasic": 0.37,
        "earningspersharediluted": 0.37,
        "weightedaveragenumberofsharesoutstandingbasic": 296237956,
        "weightedaveragenumberofdilutedsharesoutstanding": 297178746
    },
    {
        "date": "2012-06-29",
        "symbol": "FAST",
        "period": "Q2",
        "salesrevenuenet": 804890000,
        "costofgoodsandservicessold": 389739000,
        "grossprofit": 415151000,
        "sellinggeneralandadministrativeexpense": 236538000,
        "gainlossonsaleofpropertyplantequipment": 282000,
        "operatingincomeloss": 178895000,
        "investmentincomeinterest": 144000,
        "incomelossfromcontinuingoperationsbeforeincometaxesminorityinterestandincomelossfromequitymethodinvestments": 179039000,
        "incometaxexpensebenefit": 66733000,
        "netincomeloss": 112306000,
        "earningspersharebasic": 0.38,
        "earningspersharediluted": 0.38,
        "weightedaveragenumberofsharesoutstandingbasic": 296110167,
        "weightedaveragenumberofdilutedsharesoutstanding": 297129898,
        "othercomprehensiveincomelossforeigncurrencytransactionandtranslationadjustmentbeforetax": -3384000,
        "othercomprehensiveincomelossavailableforsalesecuritiesadjustmentbeforetax": -33000,
        "othercomprehensiveincomelossbeforetax": -3417000,
        "othercomprehensiveincomelosstax": -1275000,
        "othercomprehensiveincomelossnetoftax": -2142000,
        "comprehensiveincomenetoftax": 110164000
    },
    {
        "date": "2012-03-30",
        "symbol": "FAST",
        "period": "Q1",
        "salesrevenuenet": 768875000,
        "costofgoodsandservicessold": 374698000,
        "grossprofit": 394177000,
        "sellinggeneralandadministrativeexpense": 232970000,
        "gainlossonsaleofpropertyplantequipment": -174000,
        "operatingincomeloss": 161033000,
        "investmentincomeinterest": 96000,
        "incomelossfromcontinuingoperationsbeforeincometaxesminorityinterestandincomelossfromequitymethodinvestments": 161129000,
        "incometaxexpensebenefit": 60935000,
        "netincomeloss": 100194000,
        "earningspersharebasic": 0.34,
        "earningspersharediluted": 0.34,
        "weightedaveragenumberofsharesoutstandingbasic": 295538402,
        "weightedaveragenumberofdilutedsharesoutstanding": 296927223,
        "othercomprehensiveincomeforeigncurrencytransactionandtranslationadjustmentnetoftaxperiodincreasedecrease": 1829000,
        "othercomprehensiveincomeavailableforsalesecuritiesadjustmentnetoftaxperiodincreasedecrease": 14000,
        "othercomprehensiveincomelossnetoftaxperiodincreasedecrease": 1843000,
        "comprehensiveincomenetoftax": 102037000
    },
    {
        "date": "2011-09-29",
        "symbol": "FAST",
        "period": "Q3",
        "salesrevenuenet": 726742000,
        "costofgoodsandservicessold": 349361000,
        "grossprofit": 377381000,
        "sellinggeneralandadministrativeexpense": 222257000,
        "gainlossonsaleofpropertyplantequipment": 101000,
        "operatingincomeloss": 155225000,
        "investmentincomeinterest": 94000,
        "incomelossfromcontinuingoperationsbeforeincometaxesminorityinterestandincomelossfromequitymethodinvestments": 155319000,
        "incometaxexpensebenefit": 58521000,
        "netincomeloss": 96798000,
        "earningspersharebasic": 0.33,
        "earningspersharediluted": 0.33,
        "weightedaveragenumberofsharesoutstandingbasic": 295144175,
        "weightedaveragenumberofdilutedsharesoutstanding": 295894963
    },
    {
        "date": "2011-06-29",
        "symbol": "FAST",
        "period": "Q2",
        "salesrevenuenet": 701730000,
        "costofgoodsandservicessold": 335497000,
        "grossprofit": 366233000,
        "sellinggeneralandadministrativeexpense": 215868000,
        "gainlossonsaleofpropertyplantequipment": -259000,
        "operatingincomeloss": 150106000,
        "investmentincomeinterest": 76000,
        "incomelossfromcontinuingoperationsbeforeincometaxesminorityinterestandincomelossfromequitymethodinvestments": 150182000,
        "incometaxexpensebenefit": 56070000,
        "netincomeloss": 94112000,
        "earningspersharebasic": 0.32,
        "earningspersharediluted": 0.32,
        "weightedaveragenumberofsharesoutstandingbasic": 294973572,
        "weightedaveragenumberofdilutedsharesoutstanding": 295915616
    },
    {
        "date": "2011-03-30",
        "symbol": "FAST",
        "period": "Q1",
        "salesrevenuenet": 640583000,
        "costofgoodsandservicessold": 307203000,
        "grossprofit": 333380000,
        "sellinggeneralandadministrativeexpense": 204692000,
        "gainlossonsaleofpropertyplantequipment": -25000,
        "operatingincomeloss": 128663000,
        "investmentincomeinterest": 148000,
        "incomelossfromcontinuingoperationsbeforeincometaxesminorityinterestandincomelossfromequitymethodinvestments": 128811000,
        "incometaxexpensebenefit": 49264000,
        "netincomeloss": 79547000,
        "earningspersharebasic": 0.54,
        "earningspersharediluted": 0.54,
        "weightedaveragenumberofsharesoutstandingbasic": 147430712,
        "weightedaveragenumberofdilutedsharesoutstanding": 147714471
    },
    {
        "date": "2010-09-29",
        "symbol": "FAST",
        "period": "Q3",
        "salesrevenuenet": 603750000,
        "costofgoodsandservicessold": 291102000,
        "grossprofit": 312648000,
        "sellinggeneralandadministrativeexpense": 192140000,
        "gainlossonsaleofpropertyplantequipment": 2000,
        "operatingincomeloss": 120510000,
        "investmentincomeinterest": 192000,
        "incomelossfromcontinuingoperationsbeforeincometaxesminorityinterestandincomelossfromequitymethodinvestments": 120702000,
        "incometaxexpensebenefit": 45708000,
        "netincomeloss": 74994000,
        "earningspersharebasic": 0.51,
        "earningspersharediluted": 0.51,
        "weightedaveragenumberofsharesoutstandingbasic": 147431000,
        "weightedaveragenumberofdilutedsharesoutstanding": 147431000
    },
    {
        "date": "2010-06-29",
        "symbol": "FAST",
        "period": "Q2",
        "salesrevenuenet": 571183000,
        "costofgoodsandservicessold": 273525000,
        "grossprofit": 297658000,
        "sellinggeneralandadministrativeexpense": 185783000,
        "gainlossonsaleofpropertyplantequipment": -39000,
        "operatingincomeloss": 111836000,
        "investmentincomeinterest": 289000,
        "incomelossfromcontinuingoperationsbeforeincometaxesminorityinterestandincomelossfromequitymethodinvestments": 112125000,
        "incometaxexpensebenefit": 42958000,
        "netincomeloss": 69167000,
        "earningspersharebasic": 0.47,
        "earningspersharediluted": 0.47,
        "weightedaveragenumberofsharesoutstandingbasic": 147431000,
        "weightedaveragenumberofdilutedsharesoutstanding": 147579000
    },
    {
        "date": "2010-03-30",
        "symbol": "FAST",
        "period": "Q1",
        "salesrevenuenet": 520772000,
        "costofgoodsandservicessold": 254859000,
        "grossprofit": 265913000,
        "sellinggeneralandadministrativeexpense": 175410000,
        "gainlossonsaleofpropertyplantequipment": -67000,
        "operatingincomeloss": 90436000,
        "investmentincomeinterest": 233000,
        "incomelossfromcontinuingoperationsbeforeincometaxesminorityinterestandincomelossfromequitymethodinvestments": 90669000,
        "incometaxexpensebenefit": 34635000,
        "netincomeloss": 56034000,
        "earningspersharebasicanddiluted": 0.38,
        "weightedaveragenumberbasicdilutedsharesoutstanding": 147431000
    },
    {
        "date": "2009-09-29",
        "symbol": "FAST",
        "period": "Q3",
        "salesrevenuenet": 489339000,
        "costofgoodsandservicessold": 244772000,
        "grossprofit": 244567000,
        "sellinggeneralandadministrativeexpense": 168119000,
        "gainlossonsaleofpropertyplantequipment": -38000,
        "operatingincomeloss": 76410000,
        "investmentincomeinterest": 592000,
        "incomelossfromcontinuingoperationsbeforeincometaxesminorityinterestandincomelossfromequitymethodinvestments": 77002000,
        "incometaxexpensebenefit": 29413000,
        "netincomeloss": 47589000,
        "earningspersharebasicanddiluted": 0.32,
        "weightedaveragenumberbasicdilutedsharesoutstanding": 148531000
    },
    {
        "date": "2009-06-29",
        "symbol": "FAST",
        "period": "Q2",
        "salesrevenuenet": 474894000,
        "costofgoodsandservicessold": 232389000,
        "grossprofit": 242505000,
        "sellinggeneralandadministrativeexpense": 172143000,
        "gainlossonsaleofpropertyplantequipment": -424000,
        "operatingincomeloss": 69938000,
        "investmentincomeinterest": 464000,
        "incomelossfromcontinuingoperationsbeforeincometaxesminorityinterestandincomelossfromequitymethodinvestments": 70402000,
        "incometaxexpensebenefit": 26864000,
        "netincomeloss": 43538000,
        "basicdilutedearningspersharenetincome": 0.29,
        "weightedaveragenumberbasicdilutedsharesoutstanding": 148531000
    }
]