[
    {
        "date": "2024-09-29",
        "symbol": "DXCM",
        "period": "Q3",
        "revenuefromcontractwithcustomerexcludingassessedtax": 994200000,
        "costofgoodsandservicessold": 400400000,
        "grossprofit": 593800000,
        "researchanddevelopmentexpense": 135400000,
        "sellinggeneralandadministrativeexpense": 306400000,
        "operatingexpenses": 441800000,
        "operatingincomeloss": 152000000,
        "othernonoperatingincomeexpense": 25400000,
        "incomelossfromcontinuingoperationsbeforeincometaxesextraordinaryitemsnoncontrollinginterest": 177400000,
        "incometaxexpensebenefit": 42800000,
        "netincomeloss": 134600000,
        "earningspersharebasic": 0.34,
        "weightedaveragenumberofsharesoutstandingbasic": 394200000,
        "earningspersharediluted": 0.34,
        "weightedaveragenumberofdilutedsharesoutstanding": 410200000,
        "othercomprehensiveincomeforeigncurrencytransactionandtranslationadjustmentnetoftaxportionattributabletoparent": 4600000,
        "othercomprehensiveincomeunrealizedholdinggainlossonsecuritiesarisingduringperiodnetoftax": 4600000,
        "othercomprehensiveincomelossnetoftaxportionattributabletoparent": 101400000,
        "comprehensiveincomenetoftax": 236000000
    },
    {
        "date": "2024-06-29",
        "symbol": "DXCM",
        "period": "Q2",
        "revenuefromcontractwithcustomerexcludingassessedtax": 1004300000,
        "costofgoodsandservicessold": 377600000,
        "grossprofit": 626700000,
        "researchanddevelopmentexpense": 136000000,
        "sellinggeneralandadministrativeexpense": 332700000,
        "operatingexpenses": 468700000,
        "operatingincomeloss": 158000000,
        "othernonoperatingincomeexpense": 29800000,
        "incomelossfromcontinuingoperationsbeforeincometaxesextraordinaryitemsnoncontrollinginterest": 187800000,
        "incometaxexpensebenefit": 44300000,
        "netincomeloss": 143500000,
        "earningspersharebasic": 0.36,
        "weightedaveragenumberofsharesoutstandingbasic": 399200000,
        "earningspersharediluted": 0.35,
        "weightedaveragenumberofdilutedsharesoutstanding": 416800000,
        "othercomprehensiveincomeforeigncurrencytransactionandtranslationadjustmentnetoftaxportionattributabletoparent": 200000,
        "othercomprehensiveincomeunrealizedholdinggainlossonsecuritiesarisingduringperiodnetoftax": -900000,
        "othercomprehensiveincomelossnetoftaxportionattributabletoparent": -700000,
        "comprehensiveincomenetoftax": 142800000
    },
    {
        "date": "2023-12-30",
        "symbol": "DXCM",
        "period": "Q4",
        "revenuefromcontractwithcustomerexcludingassessedtax": 2392200000,
        "costofgoodsandservicessold": 377900000,
        "grossprofit": 656600000,
        "researchanddevelopmentexpense": 136100000,
        "sellinggeneralandadministrativeexpense": 308800000,
        "operatingexpenses": 439700000,
        "operatingincomeloss": 216900000,
        "othernonoperatingincomeexpense": 19800000,
        "incomelossfromcontinuingoperationsbeforeincometaxesextraordinaryitemsnoncontrollinginterest": 246200000,
        "incometaxexpensebenefit": -10100000,
        "netincomeloss": 256300000,
        "earningspersharebasic": 0.6599999999999998,
        "weightedaveragenumberofsharesoutstandingbasic": 386000000,
        "earningspersharediluted": 0.61,
        "weightedaveragenumberofdilutedsharesoutstanding": 425500000,
        "othercomprehensiveincomeforeigncurrencytransactionandtranslationadjustmentnetoftaxportionattributabletoparent": 16600000,
        "othercomprehensiveincomeunrealizedholdinggainlossonsecuritiesarisingduringperiodnetoftax": 2300000,
        "othercomprehensiveincomelossnetoftaxportionattributabletoparent": 18900000,
        "comprehensiveincomenetoftax": 275200000
    },
    {
        "date": "2023-09-29",
        "symbol": "DXCM",
        "period": "Q3",
        "revenuefromcontractwithcustomerexcludingassessedtax": 975000000,
        "costofgoodsandservicessold": 351700000,
        "grossprofit": 623300000,
        "researchanddevelopmentexpense": 131400000,
        "amortizationofintangibleassets": 1700000,
        "sellinggeneralandadministrativeexpense": 284700000,
        "operatingexpenses": 417800000,
        "operatingincomeloss": 205500000,
        "debtandequitysecuritiesgainloss": 1000000,
        "othernonoperatingincomeexpense": 33900000,
        "incomelossfromcontinuingoperationsbeforeincometaxesextraordinaryitemsnoncontrollinginterest": 240400000,
        "incometaxexpensebenefit": 119700000,
        "netincomeloss": 120700000,
        "earningspersharebasic": 0.31,
        "weightedaveragenumberofsharesoutstandingbasic": 386600000,
        "earningspersharediluted": 0.29,
        "weightedaveragenumberofdilutedsharesoutstanding": 426800000,
        "othercomprehensiveincomeforeigncurrencytransactionandtranslationadjustmentnetoftaxportionattributabletoparent": -7000000,
        "othercomprehensiveincomeunrealizedholdinggainlossonsecuritiesarisingduringperiodnetoftax": 700000,
        "othercomprehensiveincomelossnetoftaxportionattributabletoparent": -6300000,
        "comprehensiveincomenetoftax": 114400000
    },
    {
        "date": "2023-06-29",
        "symbol": "DXCM",
        "period": "Q2",
        "revenuefromcontractwithcustomerexcludingassessedtax": 132500000,
        "costofgoodsandservicessold": 324900000,
        "grossprofit": 546400000,
        "researchanddevelopmentexpense": 119300000,
        "amortizationofintangibleassets": 1700000,
        "sellinggeneralandadministrativeexpense": 297300000,
        "operatingexpenses": 418300000,
        "operatingincomeloss": 128100000,
        "interestexpense": 5900000,
        "othernonoperatingincomeexpense": 37100000,
        "incomelossfromcontinuingoperationsbeforeincometaxesextraordinaryitemsnoncontrollinginterest": 159300000,
        "incometaxexpensebenefit": 43400000,
        "netincomeloss": 115900000,
        "earningspersharebasic": 0.3,
        "weightedaveragenumberofsharesoutstandingbasic": 386700000,
        "earningspersharediluted": 0.28,
        "weightedaveragenumberofdilutedsharesoutstanding": 431500000,
        "othercomprehensiveincomeforeigncurrencytransactionandtranslationadjustmentnetoftaxportionattributabletoparent": -20200000,
        "othercomprehensiveincomeunrealizedholdinggainlossonsecuritiesarisingduringperiodnetoftax": -2600000,
        "othercomprehensiveincomelossnetoftaxportionattributabletoparent": -22800000,
        "comprehensiveincomenetoftax": 93100000
    },
    {
        "date": "2023-03-30",
        "symbol": "DXCM",
        "period": "Q1",
        "revenuefromcontractwithcustomerexcludingassessedtax": 122600000,
        "costofgoodsandservicessold": 278900000,
        "grossprofit": 462600000,
        "researchanddevelopmentexpense": 119000000,
        "amortizationofintangibleassets": 1800000,
        "sellinggeneralandadministrativeexpense": 294600000,
        "operatingexpenses": 415400000,
        "operatingincomeloss": 47200000,
        "interestexpense": 4600000,
        "othernonoperatingincomeexpense": 21900000,
        "incomelossfromcontinuingoperationsbeforeincometaxesextraordinaryitemsnoncontrollinginterest": 64500000,
        "incometaxexpensebenefit": 15900000,
        "netincomeloss": 48600000,
        "earningspersharebasic": 0.13,
        "weightedaveragenumberofsharesoutstandingbasic": 386700000,
        "earningspersharediluted": 0.12,
        "weightedaveragenumberofdilutedsharesoutstanding": 418500000,
        "othercomprehensiveincomeforeigncurrencytransactionandtranslationadjustmentnetoftaxportionattributabletoparent": 1400000,
        "othercomprehensiveincomeunrealizedholdinggainlossonsecuritiesarisingduringperiodnetoftax": 3700000,
        "othercomprehensiveincomelossnetoftaxportionattributabletoparent": 5100000,
        "comprehensiveincomenetoftax": 53700000
    },
    {
        "date": "2022-12-30",
        "symbol": "DXCM",
        "period": "Q4",
        "revenuefromcontractwithcustomerexcludingassessedtax": 112800000,
        "costofgoodsandservicessold": 273900000,
        "grossprofit": 541300000,
        "researchanddevelopmentexpense": 116299999.99999997,
        "sellinggeneralandadministrativeexpense": 297800000,
        "operatingexpenses": 415900000,
        "operatingincomeloss": 125400000,
        "interestexpense": -21200000,
        "othernonoperatingincomeexpense": 12500000,
        "incomelossfromcontinuingoperationsbeforeincometaxesextraordinaryitemsnoncontrollinginterest": 21200000,
        "incometaxexpensebenefit": 5000000,
        "netincomeloss": 16200000,
        "earningspersharebasic": 0.04000000000000001,
        "weightedaveragenumberofsharesoutstandingbasic": -1000000,
        "earningspersharediluted": 0.029999999999999985,
        "weightedaveragenumberofdilutedsharesoutstanding": 100000,
        "othercomprehensiveincomeforeigncurrencytransactionandtranslationadjustmentnetoftaxportionattributabletoparent": 25100000,
        "othercomprehensiveincomeunrealizedholdinggainlossonsecuritiesarisingduringperiodnetoftax": 4400000,
        "comprehensiveincomenetoftax": 121300000
    },
    {
        "date": "2022-09-29",
        "symbol": "DXCM",
        "period": "Q3",
        "revenuefromcontractwithcustomerexcludingassessedtax": 113400000,
        "costofgoodsandservicessold": 275400000,
        "grossprofit": 494200000,
        "researchanddevelopmentexpense": 110299999.99999997,
        "sellinggeneralandadministrativeexpense": 234600000,
        "operatingexpenses": 346700000,
        "operatingincomeloss": 147500000,
        "interestexpense": -20900000,
        "othernonoperatingincomeexpense": 3300000,
        "incomelossfromcontinuingoperationsbeforeincometaxesextraordinaryitemsnoncontrollinginterest": 20900000,
        "incometaxexpensebenefit": 4200000,
        "netincomeloss": 16700000,
        "earningspersharebasic": 0.04000000000000001,
        "weightedaveragenumberofsharesoutstandingbasic": -300000,
        "earningspersharediluted": 0.020000000000000004,
        "weightedaveragenumberofdilutedsharesoutstanding": -100000,
        "othercomprehensiveincomeforeigncurrencytransactionandtranslationadjustmentnetoftaxportionattributabletoparent": -19600000,
        "othercomprehensiveincomeunrealizedholdinggainlossonsecuritiesarisingduringperiodnetoftax": 1499999.999999999,
        "comprehensiveincomenetoftax": 83100000
    },
    {
        "date": "2022-06-29",
        "symbol": "DXCM",
        "period": "Q2",
        "revenuefromcontractwithcustomerexcludingassessedtax": 111100000,
        "costofgoodsandservicessold": 246700000,
        "grossprofit": 449500000,
        "researchanddevelopmentexpense": 121700000.00000003,
        "sellinggeneralandadministrativeexpense": 246900000,
        "operatingexpenses": 372500000,
        "operatingincomeloss": 77000000,
        "interestexpense": -20700000,
        "debtandequitysecuritiesgainloss": 0,
        "othernonoperatingincomeexpense": 3000000,
        "incomelossfromcontinuingoperationsbeforeincometaxesextraordinaryitemsnoncontrollinginterest": 20700000,
        "incometaxexpensebenefit": 5600000,
        "netincomeloss": 15100000,
        "earningspersharebasic": -0.06999999999999999,
        "weightedaveragenumberofsharesoutstandingbasic": 293500000,
        "earningspersharediluted": -0.039999999999999994,
        "weightedaveragenumberofdilutedsharesoutstanding": 20200000,
        "othercomprehensiveincomeforeigncurrencytransactionandtranslationadjustmentnetoftaxportionattributabletoparent": -13900000,
        "othercomprehensiveincomeunrealizedholdinggainlossonsecuritiesarisingduringperiodnetoftax": -2999999.999999999,
        "othercomprehensiveincomelossnetoftax": -16900000,
        "comprehensiveincomenetoftax": 34000000
    },
    {
        "date": "2022-03-30",
        "symbol": "DXCM",
        "period": "Q1",
        "revenuefromcontractwithcustomerexcludingassessedtax": 101700000,
        "costofgoodsandservicessold": 230700000,
        "grossprofit": 398100000,
        "researchanddevelopmentexpense": 135900000,
        "sellinggeneralandadministrativeexpense": 220900000,
        "operatingexpenses": 356800000,
        "operatingincomeloss": 41300000,
        "interestexpense": -20500000,
        "debtandequitysecuritiesgainloss": 200000,
        "othernonoperatingincomeexpense": -800000,
        "incomelossfromcontinuingoperationsbeforeincometaxesextraordinaryitemsnoncontrollinginterest": 20900000,
        "incometaxexpensebenefit": 6200000,
        "netincomeloss": 14700000,
        "earningspersharebasic": 0.15,
        "weightedaveragenumberofsharesoutstandingbasic": 97200000,
        "earningspersharediluted": 0.11,
        "weightedaveragenumberofdilutedsharesoutstanding": 6800000,
        "othercomprehensiveincomeforeigncurrencytransactionandtranslationadjustmentnetoftaxportionattributabletoparent": -1400000,
        "othercomprehensiveincomeunrealizedholdinggainlossonsecuritiesarisingduringperiodnetoftax": -5200000,
        "othercomprehensiveincomelossnetoftax": -6600000,
        "comprehensiveincomenetoftax": 90700000
    },
    {
        "date": "2021-09-29",
        "symbol": "DXCM",
        "period": "Q3",
        "revenuefromcontractwithcustomerexcludingassessedtax": 97900000,
        "costofgoodsandservicessold": 203300000,
        "grossprofit": 446900000,
        "researchanddevelopmentexpense": 128800000.00000001,
        "sellinggeneralandadministrativeexpense": 199800000,
        "operatingexpenses": 328600000,
        "operatingincomeloss": 118300000,
        "interestexpense": 25100000,
        "gainslossesonextinguishmentofdebt": 800000,
        "othernonoperatingincomeexpense": -1700000,
        "incomelossfromcontinuingoperationsbeforeincometaxesextraordinaryitemsnoncontrollinginterest": 90700000,
        "incometaxexpensebenefit": 19800000,
        "netincomeloss": 70900000,
        "earningspersharebasic": 0.73,
        "weightedaveragenumberofsharesoutstandingbasic": 96900000,
        "earningspersharediluted": 0.71,
        "weightedaveragenumberofdilutedsharesoutstanding": 100500000,
        "othercomprehensiveincomeforeigncurrencytransactionandtranslationadjustmentnetoftaxportionattributabletoparent": -1300000,
        "othercomprehensiveincomeunrealizedholdinggainlossonsecuritiesarisingduringperiodnetoftax": -100000,
        "othercomprehensiveincomelossnetoftax": -1400000,
        "comprehensiveincomenetoftax": 69500000
    },
    {
        "date": "2021-06-29",
        "symbol": "DXCM",
        "period": "Q2",
        "revenuefromcontractwithcustomerexcludingassessedtax": 99200000,
        "costofgoodsandservicessold": 178000000,
        "grossprofit": 417100000,
        "researchanddevelopmentexpense": 129100000,
        "sellinggeneralandadministrativeexpense": 187000000,
        "operatingexpenses": 316100000,
        "operatingincomeloss": 101000000,
        "interestexpense": 25200000,
        "othernonoperatingincomeexpense": 900000,
        "incomelossfromcontinuingoperationsbeforeincometaxesextraordinaryitemsnoncontrollinginterest": 76700000,
        "incometaxexpensebenefit": 13800000,
        "netincomeloss": 62900000,
        "earningspersharebasic": 0.65,
        "weightedaveragenumberofsharesoutstandingbasic": 96700000,
        "earningspersharediluted": 0.63,
        "weightedaveragenumberofdilutedsharesoutstanding": 99600000,
        "othercomprehensiveincomeforeigncurrencytransactionandtranslationadjustmentnetoftaxportionattributabletoparent": 200000,
        "othercomprehensiveincomeunrealizedholdinggainlossonsecuritiesarisingduringperiodnetoftax": -300000,
        "othercomprehensiveincomelossnetoftax": -100000,
        "comprehensiveincomenetoftax": 62800000
    },
    {
        "date": "2021-03-30",
        "symbol": "DXCM",
        "period": "Q1",
        "revenuefromcontractwithcustomerexcludingassessedtax": 505000000,
        "costofgoodsandservicessold": 161100000,
        "grossprofit": 343900000,
        "researchanddevelopmentexpense": 109400000,
        "sellinggeneralandadministrativeexpense": 188600000,
        "operatingexpenses": 298000000,
        "operatingincomeloss": 45900000,
        "interestexpense": 24800000,
        "othernonoperatingincomeexpense": 100000,
        "incomelossfromcontinuingoperationsbeforeincometaxesextraordinaryitemsnoncontrollinginterest": 21200000,
        "incometaxexpensebenefit": -19100000,
        "netincomeloss": 40300000,
        "earningspersharebasic": 0.42,
        "weightedaveragenumberofsharesoutstandingbasic": 96300000,
        "earningspersharediluted": 0.41,
        "weightedaveragenumberofdilutedsharesoutstanding": 99400000,
        "othercomprehensiveincomeforeigncurrencytransactionandtranslationadjustmentnetoftaxportionattributabletoparent": -300000,
        "othercomprehensiveincomelossnetoftax": -300000,
        "comprehensiveincomenetoftax": 40000000
    },
    {
        "date": "2020-12-30",
        "symbol": "DXCM",
        "period": "Q4",
        "revenuefromcontractwithcustomerexcludingassessedtax": 568900000,
        "costofgoodsandservicessold": 169800000,
        "grossprofit": 399100000,
        "researchanddevelopmentexpense": 119200000,
        "sellinggeneralandadministrativeexpense": 175900000,
        "operatingexpenses": 295100000,
        "operatingincomeloss": 104000000,
        "interestexpense": 24600000,
        "othernonoperatingincomeexpense": 1900000,
        "incomelossfromcontinuingoperationsbeforeincometaxesextraordinaryitemsnoncontrollinginterest": 81300000,
        "incometaxexpensebenefit": -273900000,
        "netincomeloss": 355200000,
        "earningspersharebasic": 3.77,
        "weightedaveragenumberofsharesoutstandingbasic": -187000000,
        "earningspersharediluted": 3.64,
        "weightedaveragenumberofdilutedsharesoutstanding": -193100000,
        "othercomprehensiveincomeforeigncurrencytransactionandtranslationadjustmentnetoftaxportionattributabletoparent": 900000,
        "othercomprehensiveincomeunrealizedholdinggainlossonsecuritiesarisingduringperiodnetoftax": -500000,
        "comprehensiveincomenetoftax": 355600000
    },
    {
        "date": "2020-09-29",
        "symbol": "DXCM",
        "period": "Q3",
        "revenuefromcontractwithcustomerexcludingassessedtax": 500900000,
        "costofgoodsandservicessold": 160500000,
        "grossprofit": 340400000,
        "researchanddevelopmentexpense": 87700000,
        "sellinggeneralandadministrativeexpense": 158600000,
        "operatingexpenses": 246300000,
        "operatingincomeloss": 94100000,
        "interestexpense": 24400000,
        "gainslossesonextinguishmentofdebt": -500000,
        "othernonoperatingincomeexpense": 5900000,
        "incomelossfromcontinuingoperationsbeforeincometaxesextraordinaryitemsnoncontrollinginterest": 75100000,
        "incometaxexpensebenefit": 2900000,
        "netincomeloss": 72200000,
        "earningspersharebasic": 0.75,
        "weightedaveragenumberofsharesoutstandingbasic": 95800000,
        "earningspersharediluted": 0.73,
        "weightedaveragenumberofdilutedsharesoutstanding": 99500000,
        "othercomprehensiveincomeforeigncurrencytransactionandtranslationadjustmentnetoftaxportionattributabletoparent": 400000,
        "othercomprehensiveincomeunrealizedholdinggainlossonsecuritiesarisingduringperiodnetoftax": -1100000,
        "othercomprehensiveincomelossnetoftax": -700000,
        "comprehensiveincomenetoftax": 71500000
    },
    {
        "date": "2020-06-29",
        "symbol": "DXCM",
        "period": "Q2",
        "netincomeloss": 46300000,
        "othercomprehensiveincomeforeigncurrencytransactionandtranslationadjustmentnetoftaxportionattributabletoparent": 500000,
        "othercomprehensiveincomeunrealizedholdinggainlossonsecuritiesarisingduringperiodnetoftax": -700000,
        "othercomprehensiveincomelossnetoftax": -200000,
        "comprehensiveincomenetoftax": 46100000,
        "revenuefromcontractwithcustomerexcludingassessedtax": 451800000,
        "costofgoodsandservicessold": 167700000,
        "grossprofit": 284100000,
        "researchanddevelopmentexpense": 79900000,
        "sellinggeneralandadministrativeexpense": 136400000,
        "operatingexpenses": 216300000,
        "operatingincomeloss": 67800000,
        "interestexpense": 20300000,
        "gainslossesonextinguishmentofdebt": -5400000,
        "othernonoperatingincomeexpense": 4100000,
        "incomelossfromcontinuingoperationsbeforeincometaxesextraordinaryitemsnoncontrollinginterest": 46200000,
        "incometaxexpensebenefit": -100000,
        "earningspersharebasic": 0.49,
        "weightedaveragenumberofsharesoutstandingbasic": 93800000,
        "earningspersharediluted": 0.48,
        "weightedaveragenumberofdilutedsharesoutstanding": 97000000
    },
    {
        "date": "2020-03-30",
        "symbol": "DXCM",
        "period": "Q1",
        "netincomeloss": 19900000,
        "othercomprehensiveincomeforeigncurrencytransactionandtranslationadjustmentnetoftaxportionattributabletoparent": -700000,
        "othercomprehensiveincomeunrealizedholdinggainlossonsecuritiesarisingduringperiodnetoftax": 2100000,
        "othercomprehensiveincomelossnetoftax": 1400000,
        "comprehensiveincomenetoftax": 21300000,
        "revenuefromcontractwithcustomerexcludingassessedtax": 405100000,
        "costofgoodsandservicessold": 148600000,
        "grossprofit": 256500000,
        "researchanddevelopmentexpense": 73100000,
        "sellinggeneralandadministrativeexpense": 149800000,
        "operatingexpenses": 222900000,
        "operatingincomeloss": 33600000,
        "interestexpense": 15400000,
        "othernonoperatingincomeexpense": 4200000,
        "incomelossfromcontinuingoperationsbeforeincometaxesextraordinaryitemsnoncontrollinginterest": 22400000,
        "incometaxexpensebenefit": 2500000,
        "earningspersharebasic": 0.22,
        "weightedaveragenumberofsharesoutstandingbasic": 91800000,
        "earningspersharediluted": 0.21,
        "weightedaveragenumberofdilutedsharesoutstanding": 94100000
    },
    {
        "date": "2019-12-30",
        "symbol": "DXCM",
        "period": "Q4",
        "netincomeloss": 92700000,
        "othercomprehensiveincomeunrealizedholdinggainlossonsecuritiesarisingduringperiodnetoftax": -100000,
        "comprehensiveincomenetoftax": 94000000,
        "revenuefromcontractwithcustomerexcludingassessedtax": 462800000,
        "costofgoodsandservicessold": 153500000,
        "grossprofit": 309300000,
        "researchanddevelopmentexpense": 78800000,
        "sellinggeneralandadministrativeexpense": 129000000,
        "operatingexpenses": 207800000,
        "operatingincomeloss": 101500000,
        "interestexpense": 15300000,
        "incomelossfromcontinuingoperationsbeforeincometaxesextraordinaryitemsnoncontrollinginterest": 94300000
    },
    {
        "date": "2019-09-29",
        "symbol": "DXCM",
        "period": "Q3",
        "netincomeloss": 45800000,
        "othercomprehensiveincomeunrealizedholdinggainlossonsecuritiesarisingduringperiodnetoftax": -100000,
        "othercomprehensiveincomelossnetoftax": -1000000,
        "comprehensiveincomenetoftax": 44800000,
        "revenuefromcontractwithcustomerexcludingassessedtax": 396300000,
        "costofgoodsandservicessold": 149400000,
        "grossprofit": 246900000,
        "researchanddevelopmentexpense": 66700000,
        "sellinggeneralandadministrativeexpense": 124200000,
        "operatingexpenses": 190900000,
        "operatingincomeloss": 56000000,
        "interestexpense": 15100000,
        "incomelossfromcontinuingoperationsbeforeincometaxesextraordinaryitemsnoncontrollinginterest": 45800000,
        "incometaxexpensebenefit": 0
    },
    {
        "date": "2019-06-29",
        "symbol": "DXCM",
        "period": "Q2",
        "netincomeloss": -10500000,
        "othercomprehensiveincomeunrealizedholdinggainlossonsecuritiesarisingduringperiodnetoftax": 500000,
        "othercomprehensiveincomelossnetoftax": 400000,
        "comprehensiveincomenetoftax": -10100000,
        "revenuefromcontractwithcustomerexcludingassessedtax": 429100000,
        "costofgoodsandservicessold": 129900000,
        "grossprofit": 206500000,
        "researchanddevelopmentexpense": 69000000,
        "sellinggeneralandadministrativeexpense": 138300000,
        "operatingexpenses": 207300000,
        "operatingincomeloss": -800000,
        "interestexpense": 15000000,
        "debtandequitysecuritiesgainloss": 0,
        "incomelossfromcontinuingoperationsbeforeincometaxesextraordinaryitemsnoncontrollinginterest": -9300000,
        "incometaxexpensebenefit": 1200000
    },
    {
        "date": "2019-03-30",
        "symbol": "DXCM",
        "period": "Q1",
        "netincomeloss": -26900000,
        "othercomprehensiveincomeunrealizedholdinggainlossonsecuritiesarisingduringperiodnetoftax": 100000,
        "othercomprehensiveincomelossnetoftax": 100000,
        "comprehensiveincomenetoftax": -26800000,
        "revenuefromcontractwithcustomerexcludingassessedtax": 187800000,
        "costofgoodsandservicessold": 111700000,
        "grossprofit": 168800000,
        "researchanddevelopmentexpense": 59000000,
        "sellinggeneralandadministrativeexpense": 124200000,
        "operatingexpenses": 183200000,
        "operatingincomeloss": -14400000,
        "interestexpense": 14900000,
        "debtandequitysecuritiesgainloss": -4200000,
        "investmentincomeinterest": 6900000,
        "incomelossfromcontinuingoperationsbeforeincometaxesextraordinaryitemsnoncontrollinginterest": -26600000,
        "incometaxexpensebenefit": 300000,
        "earningspersharebasicanddiluted": -0.3,
        "weightedaveragenumberofshareoutstandingbasicanddiluted": 90300000
    },
    {
        "date": "2018-12-30",
        "symbol": "DXCM",
        "period": "Q4",
        "netincomeloss": -179700000,
        "othercomprehensiveincomeforeigncurrencytransactionandtranslationadjustmentnetoftaxportionattributabletoparent": 1800000,
        "comprehensiveincomenetoftax": -177900000,
        "grossprofit": 222800000,
        "researchanddevelopmentexpense": 57600000,
        "sellinggeneralandadministrativeexpense": 112100000,
        "operatingexpenses": 387400000,
        "operatingincomeloss": -164600000,
        "interestexpense": 8200000,
        "incomelossfromcontinuingoperationsbeforeincometaxesextraordinaryitemsnoncontrollinginterest": -176900000,
        "incometaxexpensebenefit": 2800000
    },
    {
        "date": "2018-09-29",
        "symbol": "DXCM",
        "period": "Q3",
        "netincomeloss": 46600000,
        "othercomprehensiveincomeforeigncurrencytransactionandtranslationadjustmentnetoftaxportionattributabletoparent": 900000,
        "othercomprehensiveincomeunrealizedholdinggainlossonsecuritiesarisingduringperiodnetoftax": 100000,
        "comprehensiveincomenetoftax": 47600000,
        "revenues": 266700000,
        "costofgoodssold": 98100000,
        "grossprofit": 168600000,
        "researchanddevelopmentexpense": 50100000,
        "sellinggeneralandadministrativeexpense": 104600000,
        "operatingexpenses": 154700000,
        "operatingincomeloss": 13900000,
        "gainlossonsaleofsecuritiesnet": 34900000,
        "othernonoperatingincomeexpense": -1600000,
        "investmentincomeinterest": 2500000,
        "interestexpense": 4900000,
        "incomelossfromcontinuingoperationsbeforeincometaxesextraordinaryitemsnoncontrollinginterest": 44800000,
        "incometaxexpensebenefit": -1800000,
        "earningspersharebasic": 0.53,
        "weightedaveragenumberofsharesoutstandingbasic": 88500000,
        "earningspersharediluted": 0.52,
        "weightedaveragenumberofdilutedsharesoutstanding": 90300000
    },
    {
        "date": "2018-06-29",
        "symbol": "DXCM",
        "period": "Q2",
        "netincomeloss": 30200000,
        "othercomprehensiveincomeforeigncurrencytransactionandtranslationadjustmentnetoftaxportionattributabletoparent": 3600000,
        "comprehensiveincomenetoftax": 33800000,
        "revenues": 242500000,
        "costofgoodssold": 88900000,
        "grossprofit": 153600000,
        "researchanddevelopmentexpense": 47200000,
        "sellinggeneralandadministrativeexpense": 111300000,
        "operatingexpenses": 158500000,
        "operatingincomeloss": -4900000,
        "availableforsaleequitysecuritiesgrossunrealizedgain": 42700000,
        "othernonoperatingincomeexpense": -5600000,
        "investmentincomeinterest": 2200000,
        "interestexpense": 4800000,
        "incomelossfromcontinuingoperationsbeforeincometaxesextraordinaryitemsnoncontrollinginterest": 29600000,
        "incometaxexpensebenefit": -600000,
        "earningspersharebasic": 0.34,
        "weightedaveragenumberofsharesoutstandingbasic": 88200000,
        "earningspersharediluted": 0.34,
        "weightedaveragenumberofdilutedsharesoutstanding": 89400000
    },
    {
        "date": "2018-03-30",
        "symbol": "DXCM",
        "period": "Q1",
        "netincomeloss": -24200000,
        "othercomprehensiveincomeforeigncurrencytransactionandtranslationadjustmentnetoftaxportionattributabletoparent": -2300000,
        "comprehensiveincomenetoftax": -26500000,
        "revenues": 184400000,
        "costofgoodssold": 65500000,
        "grossprofit": 118900000,
        "researchanddevelopmentexpense": 44800000,
        "sellinggeneralandadministrativeexpense": 104800000,
        "operatingexpenses": 149600000,
        "operatingincomeloss": -30700000,
        "availableforsaleequitysecuritiesgrossunrealizedgain": 7400000,
        "othernonoperatingincomeexpense": 2600000,
        "investmentincomeinterest": 1500000,
        "interestexpense": 4800000,
        "incomelossfromcontinuingoperationsbeforeincometaxesextraordinaryitemsnoncontrollinginterest": -24000000,
        "incometaxexpensebenefit": 200000,
        "earningspersharebasicanddiluted": -0.28,
        "weightedaveragenumberofshareoutstandingbasicanddiluted": 87300000
    },
    {
        "date": "2017-09-29",
        "symbol": "DXCM",
        "period": "Q3",
        "netincomeloss": -2000000,
        "othercomprehensiveincomeforeigncurrencytransactionandtranslationadjustmentnetoftaxportionattributabletoparent": -600000,
        "comprehensiveincomenetoftax": -2600000,
        "revenues": 184600000,
        "costofgoodssold": 57600000,
        "grossprofit": 127000000,
        "researchanddevelopmentexpense": 43300000,
        "sellinggeneralandadministrativeexpense": 84200000,
        "operatingexpenses": 127500000,
        "operatingincomeloss": -500000,
        "othernonoperatingincomeexpense": 1300000,
        "investmentincomeinterest": 1200000,
        "interestexpense": 4500000,
        "incomelossfromcontinuingoperationsbeforeincometaxesextraordinaryitemsnoncontrollinginterest": -2500000,
        "incometaxexpensebenefit": -500000,
        "earningspersharebasicanddiluted": -0.02,
        "weightedaveragenumberofshareoutstandingbasicanddiluted": 86700000
    },
    {
        "date": "2017-06-29",
        "symbol": "DXCM",
        "period": "Q2",
        "netincomeloss": 2900000,
        "othercomprehensiveincomeavailableforsalesecuritiesadjustmentnetoftaxportionattributabletoparent": 4100000,
        "othercomprehensiveincomeforeigncurrencytransactionandtranslationadjustmentnetoftaxportionattributabletoparent": -300000,
        "comprehensiveincomenetoftax": 2600000,
        "revenues": 170600000,
        "costofgoodssold": 53100000,
        "grossprofit": 117500000,
        "researchanddevelopmentexpense": 45300000,
        "sellinggeneralandadministrativeexpense": 85800000,
        "operatingexpenses": 131100000,
        "operatingincomeloss": -13600000,
        "othernonoperatingincomeexpense": 1800000,
        "investmentincomeinterest": 500000,
        "interestexpense": 3100000,
        "incomelossfromcontinuingoperationsbeforeincometaxesextraordinaryitemsnoncontrollinginterest": -14400000,
        "incometaxexpensebenefit": -17300000,
        "earningspersharebasicanddiluted": 0.03,
        "weightedaveragenumberofsharesoutstandingbasic": 86400000,
        "weightedaveragenumberofdilutedsharesoutstanding": 87400000
    },
    {
        "date": "2017-03-30",
        "symbol": "DXCM",
        "period": "Q1",
        "netincomeloss": -41700000,
        "othercomprehensiveincomeforeigncurrencytransactionandtranslationadjustmentnetoftaxportionattributabletoparent": -300000,
        "comprehensiveincomenetoftax": -42000000,
        "revenues": 142300000,
        "costofgoodssold": 48200000,
        "grossprofit": 94100000,
        "researchanddevelopmentexpense": 48100000,
        "sellinggeneralandadministrativeexpense": 86400000,
        "operatingexpenses": 134500000,
        "operatingincomeloss": -40400000,
        "othernonoperatingincomeexpense": 400000,
        "investmentincomeinterest": 200000,
        "interestexpense": 500000,
        "incomelossfromcontinuingoperationsbeforeincometaxesextraordinaryitemsnoncontrollinginterest": -40300000,
        "incometaxexpensebenefit": 1400000,
        "incomelossfromcontinuingoperationsperbasicshare": -0.49,
        "weightedaveragenumberofshareoutstandingbasicanddiluted": 85200000
    },
    {
        "date": "2016-09-29",
        "symbol": "DXCM",
        "period": "Q3",
        "netincomeloss": -18800000,
        "comprehensiveincomenetoftax": -18800000,
        "salesrevenuegoodsnet": 148600000,
        "costofgoodssold": 47500000,
        "grossprofit": 101100000,
        "researchanddevelopmentexpense": 43900000,
        "sellinggeneralandadministrativeexpense": 75700000,
        "operatingexpenses": 119600000,
        "operatingincomeloss": -18500000,
        "interestexpense": 200000,
        "incomelossfromcontinuingoperationsperbasicshare": -0.22999999999999995
    },
    {
        "date": "2016-06-29",
        "symbol": "DXCM",
        "period": "Q2",
        "netincomeloss": -20200000,
        "othercomprehensiveincomeforeigncurrencytransactionandtranslationadjustmentnetoftaxportionattributabletoparent": -400000,
        "comprehensiveincomenetoftax": -20600000,
        "incometaxexpensebenefit": 100000,
        "salesrevenuegoodsnet": 137300000,
        "revenues": 137300000,
        "costofgoodssold": 51800000,
        "grossprofit": 85500000,
        "researchanddevelopmentexpense": 36300000,
        "sellinggeneralandadministrativeexpense": 69300000,
        "operatingexpenses": 105600000,
        "operatingincomeloss": -20100000,
        "investmentincomeinterest": 100000,
        "interestexpense": 100000,
        "incomelossfromcontinuingoperationsbeforeincometaxesextraordinaryitemsnoncontrollinginterest": -20100000,
        "incomelossfromcontinuingoperationsperbasicshare": -0.24,
        "weightedaveragenumberofshareoutstandingbasicanddiluted": 83600000
    },
    {
        "date": "2016-03-30",
        "symbol": "DXCM",
        "period": "Q1",
        "netincomeloss": -19200000,
        "comprehensiveincomenetoftax": -19200000,
        "salesrevenuegoodsnet": 116200000,
        "costofgoodssold": 41100000,
        "grossprofit": 75100000,
        "researchanddevelopmentexpense": 32200000,
        "sellinggeneralandadministrativeexpense": 62100000,
        "operatingexpenses": 94300000,
        "operatingincomeloss": -19200000,
        "interestincomeother": 100000,
        "interestexpense": 100000,
        "incomelossfromcontinuingoperationsperbasicshare": -0.23,
        "weightedaveragenumberofsharesoutstandingbasic": 82100000
    },
    {
        "date": "2015-09-29",
        "symbol": "DXCM",
        "period": "Q3",
        "netincomeloss": -42500000,
        "comprehensiveincomenetoftax": -42500000,
        "salesrevenuegoodsnet": 104200000,
        "revenues": 105200000,
        "costofgoodssold": 30500000,
        "costofrevenue": 30500000,
        "grossprofit": 74700000,
        "researchanddevelopmentexpense": 64800000,
        "sellinggeneralandadministrativeexpense": 52300000,
        "operatingexpenses": 117100000,
        "operatingincomeloss": -42400000,
        "interestexpense": 100000,
        "incomelossfromcontinuingoperationsperbasicshare": -0.5399999999999999,
        "weightedaveragenumberofsharesoutstandingbasic": 500000
    },
    {
        "date": "2015-06-29",
        "symbol": "DXCM",
        "period": "Q2",
        "netincomeloss": -3700000,
        "othercomprehensiveincomeforeigncurrencytransactionandtranslationadjustmentnetoftaxportionattributabletoparent": 0,
        "comprehensiveincomenetoftax": -3700000,
        "salesrevenuegoodsnet": 92900000,
        "revenues": 93200000,
        "costofgoodssold": 27200000,
        "costofrevenue": 27200000,
        "grossprofit": 66000000,
        "researchanddevelopmentexpense": 24400000,
        "sellinggeneralandadministrativeexpense": 45200000,
        "operatingexpenses": 69600000,
        "operatingincomeloss": -3600000,
        "interestexpense": 100000,
        "incomelossfromcontinuingoperationsperbasicshare": -0.03999999999999998,
        "weightedaveragenumberofsharesoutstandingbasic": 900000
    },
    {
        "date": "2015-03-30",
        "symbol": "DXCM",
        "period": "Q1",
        "netincomeloss": -12900000,
        "othercomprehensiveincomeforeigncurrencytransactionandtranslationadjustmentnetoftaxportionattributabletoparent": -200000,
        "comprehensiveincomenetoftax": -13100000,
        "salesrevenuegoodsnet": 72800000,
        "revenues": 72800000,
        "costofgoodssold": 26300000,
        "costofrevenue": 26300000,
        "grossprofit": 46500000,
        "researchanddevelopmentexpense": 19800000,
        "sellinggeneralandadministrativeexpense": 39400000,
        "operatingexpenses": 59200000,
        "operatingincomeloss": -12700000,
        "interestexpense": 200000,
        "incomelossfromcontinuingoperationsperbasicshare": -0.17,
        "weightedaveragenumberofsharesoutstandingbasic": 77800000
    },
    {
        "date": "2014-09-29",
        "symbol": "DXCM",
        "period": "Q3",
        "netincomeloss": -5200000,
        "othercomprehensiveincomeforeigncurrencytransactionandtranslationadjustmentnetoftaxportionattributabletoparent": 100000,
        "comprehensiveincomenetoftax": -5100000,
        "salesrevenuegoodsnet": 67900000,
        "developmentgrantandotherrevenue": 1000000,
        "revenues": 69000000,
        "costofgoodssold": 21800000,
        "costofrevenue": 21800000,
        "grossprofit": 47200000,
        "researchanddevelopmentexpense": 18500000,
        "sellinggeneralandadministrativeexpense": 33700000,
        "operatingexpenses": 52200000,
        "operatingincomeloss": -5000000,
        "interestexpense": 200000,
        "incomelossfromcontinuingoperationsperbasicshare": -0.07,
        "weightedaveragenumberofsharesoutstandingbasic": 75800000,
        "incomelossfromcontinuingoperationsperdilutedshare": -0.08,
        "weightedaveragenumberofdilutedsharesoutstanding": 76100000
    },
    {
        "date": "2014-06-29",
        "symbol": "DXCM",
        "period": "Q2",
        "netincomeloss": -6000000,
        "comprehensiveincomenetoftax": -6000000,
        "salesrevenuegoodsnet": 58200000,
        "developmentgrantandotherrevenue": 100000,
        "revenues": 58800000,
        "costofgoodssold": 18700000,
        "developmentandothercostofsales": 200000,
        "costofrevenue": 18900000,
        "grossprofit": 39900000,
        "researchanddevelopmentexpense": 14800000,
        "sellinggeneralandadministrativeexpense": 30900000,
        "operatingexpenses": 45700000,
        "operatingincomeloss": -5800000,
        "interestexpense": 200000,
        "incomelossfromcontinuingoperationsperbasicshare": -0.08,
        "weightedaveragenumberofsharesoutstandingbasic": 75000000,
        "incomelossfromcontinuingoperationsperdilutedshare": -0.09,
        "weightedaveragenumberofdilutedsharesoutstanding": 75300000
    },
    {
        "date": "2014-03-30",
        "symbol": "DXCM",
        "period": "Q1",
        "netincomeloss": -12500000,
        "comprehensiveincomenetoftax": -12500000,
        "salesrevenuegoodsnet": 46700000,
        "developmentgrantandotherrevenue": 100000,
        "revenues": 47100000,
        "costofgoodssold": 16900000,
        "developmentandothercostofsales": 400000,
        "costofrevenue": 17300000,
        "grossprofit": 29800000,
        "researchanddevelopmentexpense": 14500000,
        "sellinggeneralandadministrativeexpense": 27600000,
        "operatingexpenses": 42100000,
        "operatingincomeloss": -12300000,
        "interestexpense": 200000,
        "earningspersharebasicanddiluted": -0.17,
        "weightedaveragenumberofshareoutstandingbasicanddiluted": 73300000
    },
    {
        "date": "2013-09-29",
        "symbol": "DXCM",
        "period": "Q3",
        "netincomeloss": -6000000,
        "comprehensiveincomenetoftax": -6000000,
        "salesrevenuegoodsnet": 42500000,
        "developmentgrantandotherrevenue": 100000,
        "revenues": 42900000,
        "costofgoodssold": 14800000,
        "developmentandothercostofsales": 500000,
        "costofrevenue": 15300000,
        "grossprofit": 27600000,
        "researchanddevelopmentexpense": 11800000,
        "sellinggeneralandadministrativeexpense": 21600000,
        "operatingexpenses": 33400000,
        "operatingincomeloss": -5800000,
        "interestexpense": 200000,
        "incomelossfromcontinuingoperationsbeforeincometaxesextraordinaryitemsnoncontrollinginterest": -6000000,
        "earningspersharebasicanddiluted": -0.08,
        "weightedaveragenumberofshareoutstandingbasicanddiluted": 71400000
    },
    {
        "date": "2013-06-29",
        "symbol": "DXCM",
        "period": "Q2",
        "netincomeloss": -10100000,
        "comprehensiveincomenetoftax": -10100000,
        "salesrevenuegoodsnet": 35500000,
        "developmentgrantandotherrevenue": 100000,
        "revenues": 35800000,
        "costofgoodssold": 13700000,
        "developmentandothercostofsales": 200000,
        "costofrevenue": 13900000,
        "grossprofit": 21900000,
        "researchanddevelopmentexpense": 11100000,
        "sellinggeneralandadministrativeexpense": 20700000,
        "operatingexpenses": 31800000,
        "operatingincomeloss": -9900000,
        "interestexpense": 200000,
        "incomelossfromcontinuingoperationsbeforeincometaxesextraordinaryitemsnoncontrollinginterest": -10100000,
        "earningspersharebasicanddiluted": -0.14,
        "weightedaveragenumberofshareoutstandingbasicanddiluted": 70900000
    },
    {
        "date": "2013-03-30",
        "symbol": "DXCM",
        "period": "Q1",
        "netincomeloss": -11100000,
        "comprehensiveincomenetoftax": -11100000,
        "salesrevenuegoodsnet": 27800000,
        "developmentgrantandotherrevenue": 100000,
        "revenues": 29600000,
        "costofgoodssold": 12400000,
        "developmentandothercostofsales": 700000,
        "costofrevenue": 13100000,
        "grossprofit": 16500000,
        "researchanddevelopmentexpense": 9300000,
        "sellinggeneralandadministrativeexpense": 18100000,
        "operatingexpenses": 27400000,
        "operatingincomeloss": -10900000,
        "interestexpense": 200000,
        "incomelossfromcontinuingoperationsbeforeincometaxesextraordinaryitemsnoncontrollinginterest": -11100000,
        "earningspersharebasicanddiluted": -0.16,
        "weightedaveragenumberofshareoutstandingbasicanddiluted": 69800000
    },
    {
        "date": "2012-09-29",
        "symbol": "DXCM",
        "period": "Q3",
        "salesrevenuegoodsnet": 21081000,
        "developmentgrantandotherrevenue": 300000,
        "revenues": 23089000,
        "costofgoodssold": 13391000,
        "developmentandothercostofsales": 1296000,
        "costofrevenue": 14687000,
        "grossprofit": 8402000,
        "researchanddevelopmentexpense": 10582000,
        "sellinggeneralandadministrativeexpense": 15142000,
        "operatingexpenses": 25724000,
        "operatingincomeloss": -17322000,
        "interestandotherincome": 17000,
        "interestexpense": 1000,
        "incomelossfromcontinuingoperationsbeforeincometaxesextraordinaryitemsnoncontrollinginterest": -17306000,
        "incometaxexpensebenefit": -43000,
        "netincomeloss": -17263000,
        "earningspersharebasicanddiluted": -0.25,
        "weightedaveragenumberofoutstandingsharesbasicanddiluted": 69052000,
        "othercomprehensiveincomeavailableforsalesecuritiesadjustmentnetoftaxportionattributabletoparent": 14000,
        "othercomprehensiveincomeforeigncurrencytransactionandtranslationadjustmentnetoftaxportionattributabletoparent": -19000,
        "comprehensiveincomenetoftax": -17268000
    },
    {
        "date": "2012-06-29",
        "symbol": "DXCM",
        "period": "Q2",
        "salesrevenuegoodsnet": 21524000,
        "developmentgrantandotherrevenue": 300000,
        "revenues": 23450000,
        "costofgoodssold": 10889000,
        "developmentandothercostofsales": 1318000,
        "costofrevenue": 12207000,
        "grossprofit": 11243000,
        "researchanddevelopmentexpense": 10498000,
        "sellinggeneralandadministrativeexpense": 15394000,
        "operatingexpenses": 25892000,
        "operatingincomeloss": -14649000,
        "investmentincomeinterest": 23000,
        "interestexpense": 1000,
        "incomelossfromcontinuingoperationsbeforeincometaxesextraordinaryitemsnoncontrollinginterest": -14627000,
        "incometaxexpensebenefit": 64000,
        "netincomeloss": -14691000,
        "earningspersharebasicanddiluted": -0.21,
        "weightedaveragenumberofoutstandingsharesbasicanddiluted": 68635000,
        "othercomprehensiveincomeavailableforsalesecuritiesadjustmentnetoftaxportionattributabletoparent": -6000,
        "othercomprehensiveincomeforeigncurrencytransactionandtranslationadjustmentnetoftaxportionattributabletoparent": 21000,
        "comprehensiveincomenetoftax": -14676000
    },
    {
        "date": "2012-03-30",
        "symbol": "DXCM",
        "period": "Q1",
        "salesrevenuegoodsnet": 18618000,
        "developmentgrantandotherrevenue": 57000,
        "revenues": 20095000,
        "costofgoodssold": 9587000,
        "developmentandothercostofsales": 1121000,
        "costofrevenue": 10708000,
        "grossprofit": 9387000,
        "researchanddevelopmentexpense": 9715000,
        "sellinggeneralandadministrativeexpense": 15069000,
        "operatingexpenses": 24784000,
        "operatingincomeloss": -15397000,
        "investmentincomeinterest": 25000,
        "incomelossfromcontinuingoperationsbeforeincometaxesextraordinaryitemsnoncontrollinginterest": -15372000,
        "incometaxexpensebenefit": -1308000,
        "netincomeloss": -14064000,
        "earningspersharebasicanddiluted": -0.21,
        "weightedaveragenumberofoutstandingsharesbasicanddiluted": 67790000,
        "othercomprehensiveincomeavailableforsalesecuritiesadjustmentnetoftaxportionattributabletoparent": -2000,
        "othercomprehensiveincomeforeigncurrencytransactionandtranslationadjustmentnetoftaxportionattributabletoparent": -21000,
        "comprehensiveincomenetoftax": -14087000
    },
    {
        "date": "2011-09-29",
        "symbol": "DXCM",
        "period": "Q3",
        "salesrevenuegoodsnet": 16656000,
        "developmentgrantandotherrevenue": 1598000,
        "revenues": 18254000,
        "costofgoodssold": 9230000,
        "developmentandothercostofsales": 860000,
        "costofrevenue": 10090000,
        "grossprofit": 8164000,
        "researchanddevelopmentexpense": 8231000,
        "sellinggeneralandadministrativeexpense": 13241000,
        "operatingexpenses": 21472000,
        "operatingincomeloss": -13308000,
        "investmentincomeinterest": 31000,
        "interestexpense": 1000,
        "netincomeloss": -13278000,
        "earningspersharebasicanddiluted": -0.2,
        "weightedaveragenumberofoutstandingsharesbasicanddiluted": 67397000
    },
    {
        "date": "2011-06-29",
        "symbol": "DXCM",
        "period": "Q2",
        "salesrevenuegoodsnet": 15179000,
        "developmentgrantandotherrevenue": 6238000,
        "revenues": 21417000,
        "costofgoodssold": 8351000,
        "developmentandothercostofsales": 1195000,
        "costofrevenue": 9546000,
        "grossprofit": 11871000,
        "researchanddevelopmentexpense": 7016000,
        "sellinggeneralandadministrativeexpense": 12244000,
        "operatingexpenses": 19260000,
        "operatingincomeloss": -7389000,
        "investmentincomeinterest": 25000,
        "interestexpense": 3000,
        "netincomeloss": -7367000,
        "earningspersharebasicanddiluted": -0.11,
        "weightedaveragenumberofoutstandingsharesbasicanddiluted": 65096000
    }
]