[
    {
        "date": "2024-11-01",
        "symbol": "TGT",
        "period": "Q3",
        "revenuefromcontractwithcustomerexcludingassessedtax": 25668000000,
        "costofgoodsandservicessold": 18375000000,
        "sellinggeneralandadministrativeexpense": 5486000000,
        "depreciationandamortization": 639000000,
        "operatingincomeloss": 1168000000,
        "interestexpensenonoperating": 105000000,
        "othernonoperatingincomeexpense": 28000000,
        "incomelossfromcontinuingoperationsbeforeincometaxesextraordinaryitemsnoncontrollinginterest": 1091000000,
        "incometaxexpensebenefit": 237000000,
        "netincomeloss": 854000000,
        "earningspersharebasic": 1.86,
        "earningspersharediluted": 1.85,
        "weightedaveragenumberofsharesoutstandingbasic": 460100000,
        "weightedaveragenumberofdilutedsharesoutstanding": 461500000,
        "antidilutivesecuritiesexcludedfromcomputationofearningspershareamount": 500000,
        "othercomprehensiveincomelossforeigncurrencytranslationadjustmentandcashflowhedgesnetoftaxportionattributabletoparenttotal": -4000000,
        "othercomprehensiveincomelossnetoftaxportionattributabletoparent": -4000000,
        "comprehensiveincomenetoftax": 850000000
    },
    {
        "date": "2024-08-02",
        "symbol": "TGT",
        "period": "Q2",
        "revenuefromcontractwithcustomerexcludingassessedtax": 25452000000,
        "costofgoodsandservicessold": 17799000000,
        "sellinggeneralandadministrativeexpense": 5392000000,
        "depreciationandamortization": 626000000,
        "operatingincomeloss": 1635000000,
        "interestexpensenonoperating": 110000000,
        "othernonoperatingincomeexpense": 20000000,
        "incomelossfromcontinuingoperationsbeforeincometaxesextraordinaryitemsnoncontrollinginterest": 1545000000,
        "incometaxexpensebenefit": 353000000,
        "netincomeloss": 1192000000,
        "earningspersharebasic": 2.58,
        "earningspersharediluted": 2.57,
        "weightedaveragenumberofsharesoutstandingbasic": 462500000,
        "weightedaveragenumberofdilutedsharesoutstanding": 463500000,
        "antidilutivesecuritiesexcludedfromcomputationofearningspershareamount": 2300000,
        "othercomprehensiveincomelossforeigncurrencytranslationadjustmentandcashflowhedgesnetoftaxportionattributabletoparenttotal": -5000000,
        "othercomprehensiveincomelossnetoftaxportionattributabletoparent": -5000000,
        "comprehensiveincomenetoftax": 1187000000
    },
    {
        "date": "2024-05-03",
        "symbol": "TGT",
        "period": "Q1",
        "revenuefromcontractwithcustomerexcludingassessedtax": 24143000000,
        "costofgoodsandservicessold": 17449000000,
        "sellinggeneralandadministrativeexpense": 5168000000,
        "depreciationandamortization": 618000000,
        "operatingincomeloss": 1296000000,
        "interestexpense": 106000000,
        "othernonoperatingincomeexpense": 29000000,
        "incomelossfromcontinuingoperationsbeforeincometaxesextraordinaryitemsnoncontrollinginterest": 1219000000,
        "incometaxexpensebenefit": 277000000,
        "netincomeloss": 942000000,
        "earningspersharebasic": 2.04,
        "earningspersharediluted": 2.03,
        "weightedaveragenumberofsharesoutstandingbasic": 462200000,
        "weightedaveragenumberofdilutedsharesoutstanding": 463900000,
        "antidilutivesecuritiesexcludedfromcomputationofearningspershareamount": 1600000,
        "othercomprehensiveincomelossforeigncurrencytranslationadjustmentandcashflowhedgesnetoftaxportionattributabletoparenttotal": -5000000,
        "othercomprehensiveincomelossnetoftaxportionattributabletoparent": -5000000,
        "comprehensiveincomenetoftax": 937000000
    },
    {
        "date": "2023-04-28",
        "symbol": "TGT",
        "period": "Q1",
        "revenuefromcontractwithcustomerexcludingassessedtax": 200000000,
        "costofgoodsandservicessold": 18386000000,
        "sellinggeneralandadministrativeexpense": 5025000000,
        "depreciationandamortization": 583000000,
        "operatingincomeloss": 1328000000,
        "interestexpense": 147000000,
        "othernonoperatingincomeexpense": 23000000,
        "incomelossfromcontinuingoperationsbeforeincometaxesextraordinaryitemsnoncontrollinginterest": 1204000000,
        "incometaxexpensebenefit": 254000000,
        "netincomeloss": 950000000,
        "earningspersharebasic": 2.06,
        "earningspersharediluted": 2.05,
        "weightedaveragenumberofsharesoutstandingbasic": 460900000,
        "weightedaveragenumberofdilutedsharesoutstanding": 462900000,
        "antidilutivesecuritiesexcludedfromcomputationofearningspershareamount": 1200000,
        "othercomprehensiveincomedefinedbenefitplansadjustmentnetoftaxportionattributabletoparent": -2000000,
        "othercomprehensiveincomelossforeigncurrencytranslationadjustmentandcashflowhedgesnetoftaxportionattributabletoparenttotal": -5000000,
        "othercomprehensiveincomelossnetoftaxportionattributabletoparent": -3000000,
        "comprehensiveincomenetoftax": 947000000
    },
    {
        "date": "2023-01-27",
        "symbol": "TGT",
        "period": "Q4",
        "revenuefromcontractwithcustomerexcludingassessedtax": 228000000,
        "costofgoodsandservicessold": 23946000000,
        "sellinggeneralandadministrativeexpense": 5675000000,
        "depreciationandamortization": 615000000,
        "operatingincomeloss": 1159000000,
        "interestexpense": 129000000,
        "othernonoperatingincomeexpense": 13000000,
        "incomelossfromcontinuingoperationsbeforeincometaxesextraordinaryitemsnoncontrollinginterest": 1043000000,
        "incometaxexpensebenefit": -455000000,
        "netincomeloss": 876000000,
        "earningspersharebasic": 1.8999999999999995,
        "earningspersharediluted": 1.8900000000000006,
        "weightedaveragenumberofsharesoutstandingbasic": -923700000,
        "weightedaveragenumberofdilutedsharesoutstanding": -929200000,
        "othercomprehensiveincomedefinedbenefitplansadjustmentnetoftaxportionattributabletoparent": 146000000,
        "othercomprehensiveincomelossnetoftaxportionattributabletoparent": -211000000,
        "comprehensiveincomenetoftax": 665000000
    },
    {
        "date": "2022-10-28",
        "symbol": "TGT",
        "period": "Q3",
        "revenuefromcontractwithcustomerexcludingassessedtax": 212000000,
        "costofgoodsandservicessold": 19680000000,
        "sellinggeneralandadministrativeexpense": 5219000000,
        "depreciationandamortization": 597000000,
        "operatingincomeloss": 1022000000,
        "interestexpense": 125000000,
        "othernonoperatingincomeexpense": 12000000,
        "incomelossfromcontinuingoperationsbeforeincometaxesextraordinaryitemsnoncontrollinginterest": 909000000,
        "incometaxexpensebenefit": 197000000,
        "netincomeloss": 712000000,
        "earningspersharebasic": 1.55,
        "earningspersharediluted": 1.54,
        "weightedaveragenumberofsharesoutstandingbasic": 460300000,
        "weightedaveragenumberofdilutedsharesoutstanding": 462500000,
        "antidilutivesecuritiesexcludedfromcomputationofearningspershareamount": 1300000,
        "othercomprehensiveincomedefinedbenefitplansadjustmentnetoftaxportionattributabletoparent": -11000000,
        "othercomprehensiveincomelossforeigncurrencytranslationadjustmentandcashflowhedgesnetoftaxportionattributabletoparenttotal": 150000000,
        "othercomprehensiveincomelossnetoftaxportionattributabletoparent": 161000000,
        "comprehensiveincomenetoftax": 873000000
    },
    {
        "date": "2022-07-29",
        "symbol": "TGT",
        "period": "Q2",
        "revenuefromcontractwithcustomerexcludingassessedtax": 203000000,
        "costofgoodsandservicessold": 20142000000,
        "sellinggeneralandadministrativeexpense": 5002000000,
        "depreciationandamortization": 572000000,
        "operatingincomeloss": 321000000,
        "interestexpense": 112000000,
        "othernonoperatingincomeexpense": 8000000,
        "incomelossfromcontinuingoperationsbeforeincometaxesextraordinaryitemsnoncontrollinginterest": 217000000,
        "incometaxexpensebenefit": 34000000,
        "netincomeloss": 183000000,
        "earningspersharebasic": 0.4,
        "earningspersharediluted": 0.39,
        "weightedaveragenumberofsharesoutstandingbasic": 461500000,
        "weightedaveragenumberofdilutedsharesoutstanding": 463600000,
        "antidilutivesecuritiesexcludedfromcomputationofearningspershareamount": 1300000,
        "othercomprehensiveincomedefinedbenefitplansadjustmentnetoftaxportionattributabletoparent": -11000000,
        "othercomprehensiveincomelossforeigncurrencytranslationadjustmentandcashflowhedgesnetoftaxportionattributabletoparenttotal": -28000000,
        "othercomprehensiveincomelossnetoftaxportionattributabletoparent": -17000000,
        "comprehensiveincomenetoftax": 166000000
    },
    {
        "date": "2022-04-29",
        "symbol": "TGT",
        "period": "Q1",
        "revenuefromcontractwithcustomerexcludingassessedtax": 155000000,
        "costofgoodsandservicessold": 18461000000,
        "sellinggeneralandadministrativeexpense": 4762000000,
        "depreciationandamortization": 601000000,
        "operatingincomeloss": 1346000000,
        "interestexpense": 112000000,
        "othernonoperatingincomeexpense": 15000000,
        "incomelossfromcontinuingoperationsbeforeincometaxesextraordinaryitemsnoncontrollinginterest": 1249000000,
        "incometaxexpensebenefit": 240000000,
        "netincomeloss": 1009000000,
        "earningspersharebasic": 2.17,
        "earningspersharediluted": 2.16,
        "weightedaveragenumberofsharesoutstandingbasic": 464000000,
        "weightedaveragenumberofdilutedsharesoutstanding": 467800000,
        "othercomprehensiveincomedefinedbenefitplansadjustmentnetoftaxportionattributabletoparent": -11000000,
        "othercomprehensiveincomelossforeigncurrencytranslationadjustmentandcashflowhedgesnetoftaxportionattributabletoparenttotal": 190000000,
        "othercomprehensiveincomelossnetoftaxportionattributabletoparent": 201000000,
        "comprehensiveincomenetoftax": 1210000000
    },
    {
        "date": "2022-01-28",
        "symbol": "TGT",
        "period": "Q4",
        "revenuefromcontractwithcustomerexcludingassessedtax": 197000000,
        "costofgoodsandservicessold": 22761000000,
        "sellinggeneralandadministrativeexpense": 5535000000,
        "depreciationandamortization": 605000000,
        "operatingincomeloss": 2095000000,
        "interestexpense": 104000000,
        "othernonoperatingincomeexpense": 26000000,
        "incometaxexpensebenefit": -1459000000,
        "earningspersharebasic": 3.2800000000000002,
        "earningspersharediluted": 3.2399999999999984,
        "weightedaveragenumberofsharesoutstandingbasic": -988400000,
        "weightedaveragenumberofdilutedsharesoutstanding": -997600000,
        "othercomprehensiveincomedefinedbenefitplansadjustmentnetoftaxportionattributabletoparent": -89000000,
        "othercomprehensiveincomelossnetoftaxportionattributabletoparent": 134000000,
        "comprehensiveincomenetoftax": 1678000000
    },
    {
        "date": "2021-10-29",
        "symbol": "TGT",
        "period": "Q3",
        "revenuefromcontractwithcustomerexcludingassessedtax": 178000000,
        "costofgoodsandservicessold": 18206000000,
        "sellinggeneralandadministrativeexpense": 4859000000,
        "depreciationandamortization": 577000000,
        "operatingincomeloss": 2010000000,
        "interestexpense": 105000000,
        "othernonoperatingincomeexpense": 6000000,
        "incomelossfromcontinuingoperationsbeforeincometaxesextraordinaryitemsnoncontrollinginterest": 1911000000,
        "incometaxexpensebenefit": 423000000,
        "netincomeloss": 1488000000,
        "earningspersharebasic": 3.07,
        "earningspersharediluted": 3.04,
        "weightedaveragenumberofsharesoutstandingbasic": 484800000,
        "weightedaveragenumberofdilutedsharesoutstanding": 489400000,
        "othercomprehensiveincomedefinedbenefitplansadjustmentnetoftaxportionattributabletoparent": -21000000,
        "othercomprehensiveincomelossforeigncurrencytranslationadjustmentandcashflowhedgesnetoftaxportionattributabletoparenttotal": 5000000,
        "othercomprehensiveincomelossnetoftaxportionattributabletoparent": 26000000,
        "comprehensiveincomenetoftax": 1514000000
    },
    {
        "date": "2021-07-30",
        "symbol": "TGT",
        "period": "Q2",
        "revenuefromcontractwithcustomerexcludingassessedtax": 162000000,
        "costofgoodsandservicessold": 17280000000,
        "sellinggeneralandadministrativeexpense": 4849000000,
        "depreciationandamortization": 564000000,
        "operatingincomeloss": 2467000000,
        "interestexpense": 104000000,
        "othernonoperatingincomeexpense": 7000000,
        "incomelossfromcontinuingoperationsbeforeincometaxesminorityinterestandincomelossfromequitymethodinvestments": 2370000000,
        "incometaxexpensebenefit": 553000000,
        "netincomeloss": 1817000000,
        "earningspersharebasic": 3.68,
        "earningspersharediluted": 3.65,
        "weightedaveragenumberofsharesoutstandingbasic": 493100000,
        "weightedaveragenumberofdilutedsharesoutstanding": 497500000,
        "othercomprehensiveincomedefinedbenefitplansadjustmentnetoftaxportionattributabletoparent": -20000000,
        "othercomprehensiveincomelossforeigncurrencytranslationadjustmentandcashflowhedgesnetoftaxportionattributabletoparenttotal": -8000000,
        "othercomprehensiveincomelossnetoftaxportionattributabletoparent": 12000000,
        "comprehensiveincomenetoftax": 1829000000
    },
    {
        "date": "2021-04-30",
        "symbol": "TGT",
        "period": "Q1",
        "revenuefromcontractwithcustomerexcludingassessedtax": 23879000000,
        "costofgoodsandservicessold": 16716000000,
        "sellinggeneralandadministrativeexpense": 4509000000,
        "depreciationandamortization": 598000000,
        "operatingincomeloss": 2374000000,
        "interestexpense": 108000000,
        "othernonoperatingincomeexpense": 343000000,
        "incomelossfromcontinuingoperationsbeforeincometaxesminorityinterestandincomelossfromequitymethodinvestments": 2609000000,
        "incometaxexpensebenefit": 512000000,
        "netincomeloss": 2097000000,
        "earningspersharebasic": 4.2,
        "earningspersharediluted": 4.17,
        "weightedaveragenumberofsharesoutstandingbasic": 498600000,
        "weightedaveragenumberofdilutedsharesoutstanding": 503400000,
        "othercomprehensiveincomedefinedbenefitplansadjustmentnetoftaxportionattributabletoparent": -22000000,
        "othercomprehensiveincomelossforeigncurrencytranslationadjustmentandcashflowhedgesnetoftaxportionattributabletoparenttotal": 9000000,
        "othercomprehensiveincomelossnetoftaxportionattributabletoparent": 31000000,
        "comprehensiveincomenetoftax": 2128000000
    },
    {
        "date": "2021-01-29",
        "symbol": "TGT",
        "period": "Q4",
        "revenuefromcontractwithcustomerexcludingassessedtax": 27997000000,
        "costofgoodsandservicessold": 20485000000,
        "sellinggeneralandadministrativeexpense": 5448000000,
        "depreciationandamortization": 570000000,
        "operatingincomeloss": 1836000000,
        "interestexpense": 106000000,
        "othernonoperatingincomeexpense": 0,
        "incomelossfromcontinuingoperationsbeforeincometaxesminorityinterestandincomelossfromequitymethodinvestments": 1730000000,
        "incometaxexpensebenefit": 350000000,
        "incomelossfromcontinuingoperations": 1380000000,
        "incomelossfromcontinuingoperationsperbasicshare": 2.7500000000000013,
        "earningspersharebasic": 2.7500000000000013,
        "incomelossfromcontinuingoperationsperdilutedshare": 2.7200000000000006,
        "earningspersharediluted": 2.7200000000000006,
        "weightedaveragenumberofsharesoutstandingbasic": -1001100000,
        "weightedaveragenumberofdilutedsharesoutstanding": -1010200000,
        "othercomprehensiveincomedefinedbenefitplansadjustmentnetoftaxportionattributabletoparent": -36000000,
        "othercomprehensiveincomelossnetoftaxportionattributabletoparent": 41000000,
        "comprehensiveincomenetoftax": 1421000000
    },
    {
        "date": "2020-10-30",
        "symbol": "TGT",
        "period": "Q3",
        "revenuefromcontractwithcustomerexcludingassessedtax": 22336000000,
        "costofgoodsandservicessold": 15509000000,
        "sellinggeneralandadministrativeexpense": 4647000000,
        "depreciationandamortization": 541000000,
        "operatingincomeloss": 1935000000,
        "interestexpense": 632000000,
        "othernonoperatingincomeexpense": -5000000,
        "incomelossfromcontinuingoperationsbeforeincometaxesminorityinterestandincomelossfromequitymethodinvestments": 1298000000,
        "incometaxexpensebenefit": 284000000,
        "incomelossfromcontinuingoperations": 1014000000,
        "netincomeloss": 1014000000,
        "incomelossfromcontinuingoperationsperbasicshare": 2.02,
        "earningspersharebasic": 2.02,
        "incomelossfromcontinuingoperationsperdilutedshare": 2.01,
        "earningspersharediluted": 2.01,
        "weightedaveragenumberofsharesoutstandingbasic": 500600000,
        "weightedaveragenumberofdilutedsharesoutstanding": 505400000,
        "othercomprehensiveincomedefinedbenefitplansadjustmentnetoftaxportionattributabletoparent": -22000000,
        "othercomprehensiveincomelossforeigncurrencytranslationadjustmentandcashflowhedgesnetoftaxportionattributabletoparenttotal": 14000000,
        "othercomprehensiveincomelossnetoftaxportionattributabletoparent": 36000000,
        "comprehensiveincomenetoftax": 1050000000
    },
    {
        "date": "2020-07-31",
        "symbol": "TGT",
        "period": "Q2",
        "revenuefromcontractwithcustomerexcludingassessedtax": 22696000000,
        "costofgoodsandservicessold": 15673000000,
        "sellinggeneralandadministrativeexpense": 4460000000,
        "depreciationandamortization": 542000000,
        "operatingincomeloss": 2300000000,
        "interestexpense": 122000000,
        "othernonoperatingincomeexpense": 11000000,
        "incomelossfromcontinuingoperationsbeforeincometaxesminorityinterestandincomelossfromequitymethodinvestments": 2189000000,
        "incometaxexpensebenefit": 499000000,
        "incomelossfromcontinuingoperations": 1690000000,
        "netincomeloss": 1690000000,
        "incomelossfromcontinuingoperationsperbasicshare": 3.38,
        "earningspersharebasic": 3.38,
        "incomelossfromcontinuingoperationsperdilutedshare": 3.35,
        "earningspersharediluted": 3.35,
        "weightedaveragenumberofsharesoutstandingbasic": 500100000,
        "weightedaveragenumberofdilutedsharesoutstanding": 504400000,
        "othercomprehensiveincomedefinedbenefitplansadjustmentnetoftaxportionattributabletoparent": -22000000,
        "othercomprehensiveincomelossforeigncurrencytranslationadjustmentandcashflowhedgesnetoftaxportionattributabletoparenttotal": -1000000,
        "othercomprehensiveincomelossnetoftaxportionattributabletoparent": 21000000,
        "comprehensiveincomenetoftax": 1711000000
    },
    {
        "date": "2020-05-01",
        "symbol": "TGT",
        "period": "Q1",
        "revenuefromcontractwithcustomerexcludingassessedtax": 19371000000,
        "costofgoodsandservicessold": 14510000000,
        "sellinggeneralandadministrativeexpense": 4060000000,
        "depreciationandamortization": 577000000,
        "operatingincomeloss": 468000000,
        "interestexpense": 117000000,
        "othernonoperatingincomeexpense": -22000000,
        "incomelossfromcontinuingoperationsbeforeincometaxesminorityinterestandincomelossfromequitymethodinvestments": 329000000,
        "incometaxexpensebenefit": 45000000,
        "incomelossfromcontinuingoperations": 284000000,
        "netincomeloss": 284000000,
        "incomelossfromcontinuingoperationsperbasicshare": 0.57,
        "earningspersharebasic": 0.57,
        "incomelossfromcontinuingoperationsperdilutedshare": 0.56,
        "earningspersharediluted": 0.56,
        "weightedaveragenumberofsharesoutstandingbasic": 501000000,
        "weightedaveragenumberofdilutedsharesoutstanding": 505800000,
        "antidilutivesecuritiesexcludedfromcomputationofearningspershareamount": 200000,
        "othercomprehensiveincomedefinedbenefitplansadjustmentnetoftaxportionattributabletoparent": -22000000,
        "othercomprehensiveincomelossforeigncurrencytranslationadjustmentandcashflowhedgesnetoftaxportionattributabletoparenttotal": -8000000,
        "othercomprehensiveincomelossnetoftaxportionattributabletoparent": 14000000,
        "comprehensiveincomenetoftax": 298000000
    },
    {
        "date": "2020-01-31",
        "symbol": "TGT",
        "period": "Q4",
        "revenuefromcontractwithcustomerexcludingassessedtax": 76682000000,
        "costofgoodsandservicessold": 17055000000,
        "sellinggeneralandadministrativeexpense": 4505000000,
        "depreciationandamortization": 640000000,
        "operatingincomeloss": 1198000000,
        "interestexpense": 118000000,
        "othernonoperatingincomeexpense": -30000000,
        "incomelossfromcontinuingoperationsbeforeincometaxesminorityinterestandincomelossfromequitymethodinvestments": 1050000000,
        "incometaxexpensebenefit": 217000000,
        "incomelossfromcontinuingoperations": 833000000,
        "incomelossfromcontinuingoperationsperbasicshare": 1.6399999999999997,
        "earningspersharebasic": 1.6499999999999995,
        "incomelossfromcontinuingoperationsperdilutedshare": 1.6300000000000001,
        "earningspersharediluted": 1.6200000000000003,
        "weightedaveragenumberofsharesoutstandingbasic": -512700000,
        "weightedaveragenumberofdilutedsharesoutstanding": -517000000,
        "othercomprehensiveincomedefinedbenefitplansadjustmentnetoftaxportionattributabletoparent": 95000000,
        "othercomprehensiveincomelossnetoftaxportionattributabletoparent": -95000000,
        "comprehensiveincomenetoftax": 739000000
    },
    {
        "date": "2019-11-01",
        "symbol": "TGT",
        "period": "Q3",
        "netincomeloss": 714000000,
        "othercomprehensiveincomedefinedbenefitplansadjustmentnetoftaxportionattributabletoparent": -10000000,
        "othercomprehensiveincomelossforeigncurrencytranslationadjustmentandcashflowhedgesnetoftaxportionattributabletoparenttotal": -1000000,
        "othercomprehensiveincomelossnetoftaxportionattributabletoparent": 9000000,
        "comprehensiveincomenetoftax": 723000000,
        "revenuefromcontractwithcustomerexcludingassessedtax": -406000000,
        "costofgoodsandservicessold": 12935000000,
        "sellinggeneralandadministrativeexpense": 4153000000,
        "depreciationandamortization": 575000000,
        "operatingincomeloss": 1002000000,
        "interestexpense": 113000000,
        "othernonoperatingincomeexpense": 12000000,
        "incomelossfromcontinuingoperationsbeforeincometaxesminorityinterestandincomelossfromequitymethodinvestments": 901000000,
        "incometaxexpensebenefit": 195000000,
        "incomelossfromcontinuingoperations": 706000000,
        "incomelossfromdiscontinuedoperationsnetoftaxattributabletoreportingentity": 8000000,
        "incomelossfromcontinuingoperationsperbasicshare": 1.38,
        "discontinuedoperationincomelossfromdiscontinuedoperationnetoftaxperbasicshare": 0.02,
        "earningspersharebasic": 1.4,
        "incomelossfromcontinuingoperationsperdilutedshare": 1.37,
        "discontinuedoperationincomelossfromdiscontinuedoperationnetoftaxperdilutedshare": 0.02,
        "earningspersharediluted": 1.39,
        "weightedaveragenumberofsharesoutstandingbasic": 509700000,
        "weightedaveragenumberofdilutedsharesoutstanding": 514800000
    },
    {
        "date": "2019-08-02",
        "symbol": "TGT",
        "period": "Q2",
        "netincomelossavailabletocommonstockholdersbasic": 938000000,
        "othercomprehensiveincomedefinedbenefitplansadjustmentnetoftaxportionattributabletoparent": -10000000,
        "othercomprehensiveincomelossforeigncurrencytranslationadjustmentandcashflowhedgesnetoftaxportionattributabletoparenttotal": 0,
        "othercomprehensiveincomelossnetoftaxportionattributabletoparent": 10000000,
        "comprehensiveincomenetoftax": 948000000,
        "revenuefromcontractwithcustomerexcludingassessedtax": -16773000000,
        "costofgoodsandservicessold": 12626000000,
        "sellinggeneralandadministrativeexpense": 3912000000,
        "depreciationandamortization": 561000000,
        "operatingincomeloss": 1323000000,
        "interestexpense": 120000000,
        "othernonoperatingincomeexpense": 15000000,
        "incomelossfromcontinuingoperationsbeforeincometaxesminorityinterestandincomelossfromequitymethodinvestments": 1218000000,
        "incometaxexpensebenefit": 280000000,
        "incomelossfromcontinuingoperations": 938000000,
        "incomelossfromdiscontinuedoperationsnetoftaxattributabletoreportingentity": 0,
        "incomelossfromcontinuingoperationsperbasicshare": 1.83,
        "earningspersharebasic": 1.83,
        "incomelossfromcontinuingoperationsperdilutedshare": 1.8099999999999998,
        "earningspersharediluted": 1.82,
        "weightedaveragenumberofsharesoutstandingbasic": -1800000,
        "weightedaveragenumberofdilutedsharesoutstanding": -1700000
    },
    {
        "date": "2019-05-03",
        "symbol": "TGT",
        "period": "Q1",
        "netincomelossavailabletocommonstockholdersbasic": 795000000,
        "othercomprehensiveincomedefinedbenefitplansadjustmentnetoftaxportionattributabletoparent": -10000000,
        "othercomprehensiveincomelossforeigncurrencytranslationadjustmentandcashflowhedgesnetoftaxportionattributabletoparenttotal": 3000000,
        "othercomprehensiveincomelossnetoftaxportionattributabletoparent": 13000000,
        "comprehensiveincomenetoftax": 808000000,
        "revenuefromcontractwithcustomerexcludingassessedtax": 17627000000,
        "costofgoodsandservicessold": 12248000000,
        "sellinggeneralandadministrativeexpense": 3663000000,
        "depreciationandamortization": 581000000,
        "operatingincomeloss": 1135000000,
        "interestexpense": 126000000,
        "othernonoperatingincomeexpense": 12000000,
        "incomelossfromcontinuingoperationsbeforeincometaxesminorityinterestandincomelossfromequitymethodinvestments": 1021000000,
        "incometaxexpensebenefit": 229000000,
        "incomelossfromcontinuingoperations": 792000000,
        "incomelossfromdiscontinuedoperationsnetoftaxattributabletoreportingentity": 3000000,
        "incomelossfromcontinuingoperationsperbasicshare": 1.54,
        "earningspersharebasic": 1.54,
        "incomelossfromcontinuingoperationsperdilutedshare": 1.53,
        "earningspersharediluted": 1.53,
        "weightedaveragenumberofsharesoutstandingbasic": 515700000,
        "weightedaveragenumberofdilutedsharesoutstanding": 519500000,
        "antidilutivesecuritiesexcludedfromcomputationofearningspershareamount": 100000
    },
    {
        "date": "2018-11-02",
        "symbol": "TGT",
        "period": "Q3",
        "netincomelossavailabletocommonstockholdersbasic": 622000000,
        "othercomprehensiveincomedefinedbenefitplansadjustmentnetoftaxportionattributabletoparent": -13000000,
        "othercomprehensiveincomeforeigncurrencytransactionandtranslationadjustmentnetoftaxportionattributabletoparent": -4000000,
        "othercomprehensiveincomelossnetoftaxportionattributabletoparent": 9000000,
        "comprehensiveincomenetoftax": 631000000,
        "costofgoodsandservicessold": 12535000000,
        "sellinggeneralandadministrativeexpense": 3937000000,
        "depreciationandamortization": 530000000,
        "incomelossfromcontinuingoperationsbeforeinterestexpenseinterestincomeincometaxesextraordinaryitemsnoncontrollinginterestsnet": 819000000,
        "interestexpense": 115000000,
        "othernonoperatingincomeexpense": 9000000,
        "incomelossfromcontinuingoperationsbeforeincometaxesminorityinterestandincomelossfromequitymethodinvestments": 713000000,
        "incometaxexpensebenefit": 97000000,
        "incomelossfromcontinuingoperations": 616000000,
        "incomelossfromcontinuingoperationsperbasicshare": 1.1699999999999997,
        "earningspersharebasic": 1.1799999999999995,
        "incomelossfromcontinuingoperationsperdilutedshare": 1.17,
        "earningspersharediluted": 1.1700000000000004,
        "weightedaveragenumberofsharesoutstandingbasic": -2800000,
        "weightedaveragenumberdilutedsharesoutstandingadjustment": 400000,
        "weightedaveragenumberofdilutedsharesoutstanding": -2400000,
        "commonstockdividendspersharedeclared": 0.6399999999999998
    },
    {
        "date": "2018-08-03",
        "symbol": "TGT",
        "period": "Q2",
        "netincomelossavailabletocommonstockholdersbasic": 799000000,
        "othercomprehensiveincomedefinedbenefitplansadjustmentnetoftaxportionattributabletoparent": -16000000,
        "othercomprehensiveincomeforeigncurrencytransactionandtranslationadjustmentnetoftaxportionattributabletoparent": -2000000,
        "othercomprehensiveincomelossnetoftaxportionattributabletoparent": 14000000,
        "comprehensiveincomenetoftax": 813000000,
        "othersalesrevenuenet": 225000000,
        "salesrevenuenet": 17777000000,
        "costofgoodsandservicessold": 12240000000,
        "sellinggeneralandadministrativeexpense": 3865000000,
        "depreciationandamortization": 539000000,
        "incomelossfromcontinuingoperationsbeforeinterestexpenseinterestincomeincometaxesextraordinaryitemsnoncontrollinginterestsnet": 1133000000,
        "interestexpense": 116000000,
        "othernonoperatingincomeexpense": 5000000,
        "incomelossfromcontinuingoperationsbeforeincometaxesminorityinterestandincomelossfromequitymethodinvestments": 1022000000,
        "incometaxexpensebenefit": 428000000,
        "incomelossfromcontinuingoperations": 799000000,
        "incomelossfromdiscontinuedoperationsnetoftaxattributabletoreportingentity": 0,
        "incomelossfromcontinuingoperationsperbasicshare": 1.4999999999999998,
        "earningspersharebasic": 1.4999999999999998,
        "incomelossfromcontinuingoperationsperdilutedshare": 1.48,
        "earningspersharediluted": 1.4899999999999998,
        "weightedaveragenumberofsharesoutstandingbasic": -2600000,
        "weightedaveragenumberdilutedsharesoutstandingadjustment": 200000,
        "weightedaveragenumberofdilutedsharesoutstanding": -2400000,
        "commonstockdividendspersharedeclared": 0.64
    },
    {
        "date": "2018-05-04",
        "symbol": "TGT",
        "period": "Q1",
        "netincomelossavailabletocommonstockholdersbasic": 718000000,
        "othercomprehensiveincomedefinedbenefitplansadjustmentnetoftaxportionattributabletoparent": -13000000,
        "othercomprehensiveincomeforeigncurrencytransactionandtranslationadjustmentnetoftaxportionattributabletoparent": -3000000,
        "othercomprehensiveincomelossnetoftaxportionattributabletoparent": 10000000,
        "comprehensiveincomenetoftax": 728000000,
        "salesrevenuegoodsnet": 16556000000,
        "othersalesrevenuenet": 225000000,
        "salesrevenuenet": 16781000000,
        "costofgoodsandservicessold": 11625000000,
        "sellinggeneralandadministrativeexpense": 3545000000,
        "depreciationandamortization": 570000000,
        "incomelossfromcontinuingoperationsbeforeinterestexpenseinterestincomeincometaxesextraordinaryitemsnoncontrollinginterestsnet": 1041000000,
        "interestexpense": 121000000,
        "othernonoperatingincomeexpense": 7000000,
        "incomelossfromcontinuingoperationsbeforeincometaxesminorityinterestandincomelossfromequitymethodinvestments": 927000000,
        "incometaxexpensebenefit": 5000000,
        "incomelossfromcontinuingoperations": 717000000,
        "incomelossfromdiscontinuedoperationsnetoftaxattributabletoreportingentity": 1000000,
        "incomelossfromcontinuingoperationsperbasicshare": 1.34,
        "earningspersharebasic": 1.34,
        "incomelossfromcontinuingoperationsperdilutedshare": 1.33,
        "earningspersharediluted": 1.33,
        "weightedaveragenumberofsharesoutstandingbasic": 536900000,
        "weightedaveragenumberdilutedsharesoutstandingadjustment": 4100000,
        "weightedaveragenumberofdilutedsharesoutstanding": 541000000,
        "antidilutivesecuritiesexcludedfromcomputationofearningspershareamount": 2200000,
        "commonstockdividendspersharedeclared": 0.62
    },
    {
        "date": "2017-10-27",
        "symbol": "TGT",
        "period": "Q3",
        "netincomelossavailabletocommonstockholdersbasic": 480000000,
        "othercomprehensiveincomedefinedbenefitplansadjustmentnetoftaxportionattributabletoparent": -8000000,
        "othercomprehensiveincomeforeigncurrencytransactionandtranslationadjustmentnetoftaxportionattributabletoparent": -2000000,
        "othercomprehensiveincomelossnetoftaxportionattributabletoparent": 6000000,
        "comprehensiveincomenetoftax": 486000000,
        "othercomprehensiveincomedefinedbenefitplanstaxportionattributabletoparent": -5000000,
        "othercomprehensiveincomeforeigncurrencytranslationadjustmenttaxportionattributabletoparent": 0,
        "salesrevenuenet": 16667000000,
        "costofgoodsandservicessold": 60000000,
        "grossprofit": 4955000000,
        "sellinggeneralandadministrativeexpense": 3512000000,
        "incomelossfromcontinuingoperationsbeforeinterestexpenseinterestincomeincometaxesextraordinaryitemsnoncontrollinginterestsnet": 869000000,
        "interestexpense": 254000000,
        "incomelossfromcontinuingoperationsbeforeincometaxesminorityinterestandincomelossfromequitymethodinvestments": 615000000,
        "incomelossfromcontinuingoperations": 477000000,
        "incomelossfromcontinuingoperationsperbasicshare": 0.8799999999999999,
        "earningspersharebasic": 0.8899999999999997,
        "incomelossfromcontinuingoperationsperdilutedshare": 0.8699999999999999,
        "earningspersharediluted": 0.8799999999999999,
        "weightedaveragenumberofsharesoutstandingbasic": -2100000,
        "weightedaveragenumberofdilutedsharesoutstanding": -1800000,
        "antidilutivesecuritiesexcludedfromcomputationofearningspershareamount": 500000,
        "commonstockdividendspersharedeclared": 0.6200000000000002
    },
    {
        "date": "2017-07-28",
        "symbol": "TGT",
        "period": "Q2",
        "netincomelossavailabletocommonstockholdersbasic": 672000000,
        "othercomprehensiveincomedefinedbenefitplansadjustmentnetoftaxportionattributabletoparent": -7000000,
        "othercomprehensiveincomeforeigncurrencytransactionandtranslationadjustmentnetoftaxportionattributabletoparent": 3000000,
        "othercomprehensiveincomelossnetoftaxportionattributabletoparent": 10000000,
        "comprehensiveincomenetoftax": 682000000,
        "othercomprehensiveincomedefinedbenefitplanstaxportionattributabletoparent": -5000000,
        "othercomprehensiveincomeforeigncurrencytranslationadjustmenttaxportionattributabletoparent": 1000000,
        "salesrevenuenet": 16429000000,
        "costofgoodsandservicessold": -11005000000,
        "grossprofit": 4945000000,
        "sellinggeneralandadministrativeexpense": 3383000000,
        "incomelossfromcontinuingoperationsbeforeinterestexpenseinterestincomeincometaxesextraordinaryitemsnoncontrollinginterestsnet": 1113000000,
        "interestexpense": 134000000,
        "incomelossfromcontinuingoperationsbeforeincometaxesminorityinterestandincomelossfromequitymethodinvestments": 979000000,
        "incometaxexpensebenefit": 0,
        "incomelossfromcontinuingoperations": 672000000,
        "incomelossfromdiscontinuedoperationsnetoftaxattributabletoreportingentity": 0,
        "incomelossfromcontinuingoperationsperbasicshare": 1.2200000000000002,
        "discontinuedoperationincomelossfromdiscontinuedoperationnetoftaxperbasicshare": 0,
        "earningspersharebasic": 1.2200000000000002,
        "incomelossfromcontinuingoperationsperdilutedshare": 1.22,
        "discontinuedoperationincomelossfromdiscontinuedoperationnetoftaxperdilutedshare": 0,
        "earningspersharediluted": 1.21,
        "weightedaveragenumberofsharesoutstandingbasic": -1600000,
        "weightedaveragenumberdilutedsharesoutstandingadjustment": 0,
        "weightedaveragenumberofdilutedsharesoutstanding": -1600000,
        "antidilutivesecuritiesexcludedfromcomputationofearningspershareamount": 600000,
        "commonstockdividendspersharedeclared": 0.62
    },
    {
        "date": "2017-04-28",
        "symbol": "TGT",
        "period": "Q1",
        "netincomelossavailabletocommonstockholdersbasic": 681000000,
        "othercomprehensiveincomedefinedbenefitplansadjustmentnetoftaxportionattributabletoparent": -7000000,
        "othercomprehensiveincomeforeigncurrencytransactionandtranslationadjustmentnetoftaxportionattributabletoparent": 5000000,
        "othercomprehensiveincomelossnetoftaxportionattributabletoparent": 12000000,
        "comprehensiveincomenetoftax": 693000000,
        "othercomprehensiveincomedefinedbenefitplanstaxportionattributabletoparent": -5000000,
        "othercomprehensiveincomeforeigncurrencytranslationadjustmenttaxportionattributabletoparent": 1000000,
        "salesrevenuenet": 16017000000,
        "costofgoodsandservicessold": 11134000000,
        "grossprofit": 4883000000,
        "sellinggeneralandadministrativeexpense": 3132000000,
        "depreciationdepletionandamortization": 573000000,
        "incomelossfromcontinuingoperationsbeforeinterestexpenseinterestincomeincometaxesextraordinaryitemsnoncontrollinginterestsnet": 1178000000,
        "interestexpense": 144000000,
        "incomelossfromcontinuingoperationsbeforeincometaxesminorityinterestandincomelossfromequitymethodinvestments": 1034000000,
        "incometaxexpensebenefit": 1000000,
        "incomelossfromcontinuingoperations": 677000000,
        "incomelossfromdiscontinuedoperationsnetoftaxattributabletoreportingentity": 4000000,
        "incomelossfromcontinuingoperationsperbasicshare": 1.23,
        "discontinuedoperationincomelossfromdiscontinuedoperationnetoftaxperbasicshare": 0.01,
        "earningspersharebasic": 1.23,
        "incomelossfromcontinuingoperationsperdilutedshare": 1.22,
        "discontinuedoperationincomelossfromdiscontinuedoperationnetoftaxperdilutedshare": 0.01,
        "earningspersharediluted": 1.23,
        "weightedaveragenumberofsharesoutstandingbasic": 552400000,
        "weightedaveragenumberdilutedsharesoutstandingadjustment": 2800000,
        "weightedaveragenumberofdilutedsharesoutstanding": 555200000,
        "antidilutivesecuritiesexcludedfromcomputationofearningspershareamount": 3000000,
        "commonstockdividendspersharedeclared": 0.6
    },
    {
        "date": "2016-10-28",
        "symbol": "TGT",
        "period": "Q3",
        "netincomelossavailabletocommonstockholdersbasic": 608000000,
        "othercomprehensiveincomedefinedbenefitplansadjustmentnetoftaxportionattributabletoparent": -5000000,
        "othercomprehensiveincomelossnetoftaxportionattributabletoparent": 5000000,
        "comprehensiveincomenetoftax": 613000000,
        "othercomprehensiveincomedefinedbenefitplanstaxportionattributabletoparent": -3000000,
        "salesrevenuenet": 16441000000,
        "costofgoodsandservicessold": 11471000000,
        "grossprofit": 4970000000,
        "sellinggeneralandadministrativeexpense": 3339000000,
        "depreciationdepletionandamortization": 570000000,
        "incomelossfromcontinuingoperationsbeforeinterestexpenseinterestincomeincometaxesextraordinaryitemsnoncontrollinginterestsnet": 1061000000,
        "interestexpense": 142000000,
        "incomelossfromcontinuingoperationsbeforeincometaxesminorityinterestandincomelossfromequitymethodinvestments": 919000000,
        "incomelossfromcontinuingoperations": 608000000,
        "incomelossfromdiscontinuedoperationsnetoftaxattributabletoreportingentity": 0,
        "incomelossfromcontinuingoperationsperbasicshare": 1.0599999999999998,
        "discontinuedoperationincomelossfromdiscontinuedoperationnetoftaxperbasicshare": 0,
        "earningspersharebasic": 1.0699999999999998,
        "incomelossfromcontinuingoperationsperdilutedshare": 1.06,
        "discontinuedoperationincomelossfromdiscontinuedoperationnetoftaxperdilutedshare": 0,
        "earningspersharediluted": 1.0599999999999994,
        "weightedaveragenumberofsharesoutstandingbasic": -6800000,
        "incrementalcommonsharesattributabletosharebasedpaymentarrangements": 0,
        "weightedaveragenumberofdilutedsharesoutstanding": -6800000
    },
    {
        "date": "2016-07-29",
        "symbol": "TGT",
        "period": "Q2",
        "netincomelossavailabletocommonstockholdersbasic": 680000000,
        "othercomprehensiveincomedefinedbenefitplansadjustmentnetoftaxportionattributabletoparent": -5000000,
        "othercomprehensiveincomeforeigncurrencytransactionandtranslationadjustmentnetoftaxportionattributabletoparent": 0,
        "othercomprehensiveincomelossnetoftaxportionattributabletoparent": 5000000,
        "comprehensiveincomenetoftax": 685000000,
        "othercomprehensiveincomedefinedbenefitplanstaxportionattributabletoparent": -3000000,
        "othercomprehensiveincomeforeigncurrencytranslationadjustmenttaxportionattributabletoparent": 0,
        "salesrevenuenet": 16168000000,
        "costofgoodsandservicessold": 11101000000,
        "grossprofit": 5067000000,
        "sellinggeneralandadministrativeexpense": 3249000000,
        "depreciationdepletionandamortization": 570000000,
        "incomelossfromcontinuingoperationsbeforeinterestexpenseinterestincomeincometaxesextraordinaryitemsnoncontrollinginterestsnet": 1248000000,
        "interestexpense": 307000000,
        "incomelossfromcontinuingoperationsbeforeincometaxesminorityinterestandincomelossfromequitymethodinvestments": 941000000,
        "incometaxexpensebenefit": 0,
        "incomelossfromcontinuingoperations": 625000000,
        "incomelossfromdiscontinuedoperationsnetoftaxattributabletoreportingentity": 55000000,
        "incomelossfromcontinuingoperationsperbasicshare": 1.07,
        "discontinuedoperationincomelossfromdiscontinuedoperationnetoftaxperbasicshare": 0.09,
        "earningspersharebasic": 1.1600000000000001,
        "incomelossfromcontinuingoperationsperdilutedshare": 1.06,
        "discontinuedoperationincomelossfromdiscontinuedoperationnetoftaxperdilutedshare": 0.09,
        "earningspersharediluted": 1.1500000000000001,
        "weightedaveragenumberofsharesoutstandingbasic": -8000000,
        "incrementalcommonsharesattributabletosharebasedpaymentarrangements": -500000,
        "weightedaveragenumberofdilutedsharesoutstanding": -8500000
    },
    {
        "date": "2016-04-29",
        "symbol": "TGT",
        "period": "Q1",
        "netincomelossavailabletocommonstockholdersbasic": 632000000,
        "othercomprehensiveincomedefinedbenefitplansadjustmentnetoftaxportionattributabletoparent": -7000000,
        "othercomprehensiveincomeforeigncurrencytransactionandtranslationadjustmentnetoftaxportionattributabletoparent": 5000000,
        "othercomprehensiveincomelossnetoftaxportionattributabletoparent": 12000000,
        "comprehensiveincomenetoftax": 644000000,
        "othercomprehensiveincomedefinedbenefitplanstaxportionattributabletoparent": -5000000,
        "othercomprehensiveincomeforeigncurrencytranslationadjustmenttaxportionattributabletoparent": 1000000,
        "salesrevenuenet": 16196000000,
        "costofgoodsandservicessold": 11185000000,
        "grossprofit": 5011000000,
        "sellinggeneralandadministrativeexpense": 3153000000,
        "depreciationdepletionandamortization": 546000000,
        "incomelossfromcontinuingoperationsbeforeinterestexpenseinterestincomeincometaxesextraordinaryitemsnoncontrollinginterestsnet": 1312000000,
        "interestexpense": 415000000,
        "incomelossfromcontinuingoperationsbeforeincometaxesminorityinterestandincomelossfromequitymethodinvestments": 897000000,
        "incometaxexpensebenefit": 1000000,
        "incomelossfromcontinuingoperations": 614000000,
        "incomelossfromdiscontinuedoperationsnetoftaxattributabletoreportingentity": 18000000,
        "incomelossfromcontinuingoperationsperbasicshare": 1.03,
        "discontinuedoperationincomelossfromdiscontinuedoperationnetoftaxperbasicshare": 0.03,
        "earningspersharebasic": 1.06,
        "incomelossfromcontinuingoperationsperdilutedshare": 1.02,
        "discontinuedoperationincomelossfromdiscontinuedoperationnetoftaxperdilutedshare": 0.03,
        "earningspersharediluted": 1.05,
        "weightedaveragenumberofsharesoutstandingbasic": 598300000,
        "incrementalcommonsharesattributabletosharebasedpaymentarrangements": 5500000,
        "weightedaveragenumberofdilutedsharesoutstanding": 603800000
    },
    {
        "date": "2015-10-30",
        "symbol": "TGT",
        "period": "Q3",
        "netincomelossavailabletocommonstockholdersbasic": 549000000,
        "othercomprehensiveincomedefinedbenefitplansadjustmentnetoftaxportionattributabletoparent": -13000000,
        "othercomprehensiveincomeforeigncurrencytransactionandtranslationadjustmentandderivativesqualifyingashedgesnetoftaxportionattributabletoparent": -1000000,
        "othercomprehensiveincomelossnetoftaxportionattributabletoparent": 12000000,
        "comprehensiveincomenetoftax": 561000000,
        "othercomprehensiveincomedefinedbenefitplanstaxportionattributabletoparent": -8000000,
        "othercomprehensiveincomeforeigncurrencytranslationadjustmenttaxportionattributabletoparent": 1000000,
        "salesrevenuenet": 17613000000,
        "costofgoodsandservicessold": 12440000000,
        "sellinggeneralandadministrativeexpense": 3736000000,
        "depreciationdepletionandamortization": 561000000,
        "incomelossfromcontinuingoperationsbeforeinterestexpenseinterestincomeincometaxesextraordinaryitemsnoncontrollinginterestsnet": 876000000,
        "interestexpense": 151000000,
        "incomelossfromcontinuingoperationsbeforeincometaxesminorityinterestandincomelossfromequitymethodinvestments": 725000000,
        "incometaxexpensebenefit": 249000000,
        "incomelossfromcontinuingoperations": 476000000,
        "incomelossfromdiscontinuedoperationsnetoftaxattributabletoreportingentity": 73000000,
        "incomelossfromcontinuingoperationsperbasicshare": 0.76,
        "discontinuedoperationincomelossfromdiscontinuedoperationnetoftaxperbasicshare": 0.12,
        "earningspersharebasic": 0.88,
        "incomelossfromcontinuingoperationsperdilutedshare": 0.76,
        "discontinuedoperationincomelossfromdiscontinuedoperationnetoftaxperdilutedshare": 0.11,
        "earningspersharediluted": 0.87,
        "weightedaveragenumberofsharesoutstandingbasic": 623700000,
        "incrementalcommonsharesattributabletosharebasedpaymentarrangements": 5100000,
        "weightedaveragenumberofdilutedsharesoutstanding": 628800000
    },
    {
        "date": "2015-07-31",
        "symbol": "TGT",
        "period": "Q2",
        "netincomelossavailabletocommonstockholdersbasic": 753000000,
        "othercomprehensiveincomedefinedbenefitplansadjustmentnetoftaxportionattributabletoparent": -8000000,
        "othercomprehensiveincomelossnetoftaxportionattributabletoparent": 9000000,
        "comprehensiveincomenetoftax": 762000000,
        "othercomprehensiveincomedefinedbenefitplanstaxportionattributabletoparent": 5000000,
        "salesrevenuenet": 17427000000,
        "costofgoodsandservicessold": 12051000000,
        "sellinggeneralandadministrativeexpense": 3495000000,
        "depreciationdepletionandamortization": 550000000,
        "incomelossfromcontinuingoperationsbeforeinterestexpenseinterestincomeincometaxesextraordinaryitemsnoncontrollinginterestsnet": 1331000000,
        "interestexpense": 150000000,
        "incomelossfromcontinuingoperationsbeforeincometaxesminorityinterestandincomelossfromequitymethodinvestments": 1181000000,
        "incometaxexpensebenefit": 0,
        "incomelossfromcontinuingoperations": 773000000,
        "incomelossfromdiscontinuedoperationsnetoftaxattributabletoreportingentity": -20000000,
        "incomelossfromcontinuingoperationsperbasicshare": 1.21,
        "discontinuedoperationincomelossfromdiscontinuedoperationnetoftaxperbasicshare": -0.03,
        "earningspersharebasic": 1.18,
        "incomelossfromcontinuingoperationsperdilutedshare": 1.2,
        "discontinuedoperationincomelossfromdiscontinuedoperationnetoftaxperdilutedshare": -0.03,
        "earningspersharediluted": 1.1800000000000002,
        "weightedaveragenumberofsharesoutstandingbasic": -2600000,
        "incrementalcommonsharesattributabletosharebasedpaymentarrangements": -100000,
        "weightedaveragenumberofdilutedsharesoutstanding": -2700000
    },
    {
        "date": "2015-05-01",
        "symbol": "TGT",
        "period": "Q1",
        "netincomelossavailabletocommonstockholdersbasic": 635000000,
        "othercomprehensiveincomedefinedbenefitplansadjustmentnetoftaxportionattributabletoparent": -109000000,
        "othercomprehensiveincomelossnetoftaxportionattributabletoparent": 109000000,
        "comprehensiveincomenetoftax": 744000000,
        "othercomprehensiveincomedefinedbenefitplanstaxportionattributabletoparent": 71000000,
        "salesrevenuenet": 17119000000,
        "costofgoodsandservicessold": 11911000000,
        "sellinggeneralandadministrativeexpense": 3514000000,
        "depreciationdepletionandamortization": 540000000,
        "incomelossfromcontinuingoperationsbeforeinterestexpenseinterestincomeincometaxesextraordinaryitemsnoncontrollinginterestsnet": 1154000000,
        "interestexpense": 155000000,
        "incomelossfromcontinuingoperationsbeforeincometaxesminorityinterestandincomelossfromequitymethodinvestments": 999000000,
        "incometaxexpensebenefit": 1000000,
        "incomelossfromcontinuingoperations": 651000000,
        "incomelossfromdiscontinuedoperationsnetoftaxattributabletoreportingentity": -16000000,
        "incomelossfromcontinuingoperationsperbasicshare": 1.02,
        "discontinuedoperationincomelossfromdiscontinuedoperationnetoftaxperbasicshare": -0.03,
        "earningspersharebasic": 0.99,
        "incomelossfromcontinuingoperationsperdilutedshare": 1.01,
        "discontinuedoperationincomelossfromdiscontinuedoperationnetoftaxperdilutedshare": -0.03,
        "earningspersharediluted": 0.98,
        "weightedaveragenumberofsharesoutstandingbasic": 640900000,
        "incrementalcommonsharesattributabletosharebasedpaymentarrangements": 5500000,
        "weightedaveragenumberofdilutedsharesoutstanding": 646400000
    },
    {
        "date": "2014-10-31",
        "symbol": "TGT",
        "period": "Q3",
        "netincomelossavailabletocommonstockholdersbasic": 352000000,
        "othercomprehensiveincomedefinedbenefitplansadjustmentnetoftaxportionattributabletoparent": -7000000,
        "othercomprehensiveincomeforeigncurrencytransactionandtranslationadjustmentandderivativesqualifyingashedgesnetoftaxportionattributabletoparent": -138000000,
        "othercomprehensiveincomelossnetoftaxportionattributabletoparent": -131000000,
        "comprehensiveincomenetoftax": 221000000,
        "othercomprehensiveincomedefinedbenefitplanstaxportionattributabletoparent": -4000000,
        "othercomprehensiveincomeforeigncurrencytranslationadjustmentandderivativesqualifyingashedgestaxportionattributabletoparent": 1000000,
        "salesrevenuenet": 479000000,
        "costofgoodsandservicessold": 386000000,
        "sellinggeneralandadministrativeexpense": 3894000000,
        "depreciationdepletionandamortization": 535000000,
        "incomelossfromcontinuingoperationsbeforeinterestexpenseinterestincomeincometaxesextraordinaryitemsnoncontrollinginterestsnet": 677000000,
        "interestexpense": 165000000,
        "incomelossfromcontinuingoperationsbeforeincometaxesminorityinterestandincomelossfromequitymethodinvestments": 512000000,
        "incometaxexpensebenefit": 4000000,
        "earningspersharebasic": 0.55,
        "earningspersharediluted": 0.55,
        "weightedaveragenumberofsharesoutstandingbasic": 634000000,
        "incrementalcommonsharesattributabletosharebasedpaymentarrangements": 5600000,
        "weightedaveragenumberofdilutedsharesoutstanding": 639600000,
        "antidilutivesecuritiesexcludedfromcomputationofearningspershareamount": 2300000
    },
    {
        "date": "2014-08-01",
        "symbol": "TGT",
        "period": "Q2",
        "netincomelossavailabletocommonstockholdersbasic": 234000000,
        "othercomprehensiveincomedefinedbenefitplansadjustmentnetoftaxportionattributabletoparent": -7000000,
        "othercomprehensiveincomeforeigncurrencytransactionandtranslationadjustmentandderivativesqualifyingashedgesnetoftaxportionattributabletoparent": 23000000,
        "othercomprehensiveincomelossnetoftaxportionattributabletoparent": 30000000,
        "comprehensiveincomenetoftax": 264000000,
        "othercomprehensiveincomedefinedbenefitplanstaxportionattributabletoparent": -4000000,
        "othercomprehensiveincomeforeigncurrencytranslationadjustmentandderivativesqualifyingashedgestaxportionattributabletoparent": -1000000,
        "salesrevenuenet": 449000000,
        "costofgoodsandservicessold": 367000000,
        "sellinggeneralandadministrativeexpense": 3816000000,
        "depreciationdepletionandamortization": 70000000,
        "incomelossfromcontinuingoperationsbeforeinterestexpenseinterestincomeincometaxesextraordinaryitemsnoncontrollinginterestsnet": 819000000,
        "interestexpense": 453000000,
        "incomelossfromcontinuingoperationsbeforeincometaxesminorityinterestandincomelossfromequitymethodinvestments": 366000000,
        "incometaxexpensebenefit": 1000000,
        "earningspersharebasic": 0.37,
        "earningspersharediluted": 0.37,
        "weightedaveragenumberofsharesoutstandingbasic": 633500000,
        "incrementalcommonsharesattributabletosharebasedpaymentarrangements": 4900000,
        "weightedaveragenumberofdilutedsharesoutstanding": 638400000,
        "antidilutivesecuritiesexcludedfromcomputationofearningspershareamount": 5100000
    },
    {
        "date": "2014-05-02",
        "symbol": "TGT",
        "period": "Q1",
        "netincomelossavailabletocommonstockholdersbasic": 418000000,
        "othercomprehensiveincomedefinedbenefitplansadjustmentnetoftaxportionattributabletoparent": -7000000,
        "othercomprehensiveincomeforeigncurrencytransactionandtranslationadjustmentandderivativesqualifyingashedgesnetoftaxportionattributabletoparent": 62000000,
        "othercomprehensiveincomelossnetoftaxportionattributabletoparent": 69000000,
        "comprehensiveincomenetoftax": 487000000,
        "othercomprehensiveincomedefinedbenefitplanstaxportionattributabletoparent": -4000000,
        "othercomprehensiveincomeforeigncurrencytranslationadjustmentandderivativesqualifyingashedgestaxportionattributabletoparent": -1000000,
        "salesrevenuenet": 16657000000,
        "costofgoodsandservicessold": 11748000000,
        "sellinggeneralandadministrativeexpense": 3593000000,
        "depreciationdepletionandamortization": 511000000,
        "incomelossfromcontinuingoperationsbeforeinterestexpenseinterestincomeincometaxesextraordinaryitemsnoncontrollinginterestsnet": 811000000,
        "interestexpense": 170000000,
        "incomelossfromcontinuingoperationsbeforeincometaxesminorityinterestandincomelossfromequitymethodinvestments": 641000000,
        "incometaxexpensebenefit": -4000000,
        "earningspersharebasic": 0.66,
        "earningspersharediluted": 0.66,
        "weightedaveragenumberofsharesoutstandingbasic": 633300000,
        "incrementalcommonsharesattributabletosharebasedpaymentarrangements": 4900000,
        "weightedaveragenumberofdilutedsharesoutstanding": 638200000,
        "antidilutivesecuritiesexcludedfromcomputationofearningspershareamount": 5300000
    },
    {
        "date": "2013-11-01",
        "symbol": "TGT",
        "period": "Q3",
        "netincomelossavailabletocommonstockholdersbasic": 341000000,
        "othercomprehensiveincomedefinedbenefitplansadjustmentnetoftaxportionattributabletoparent": -12000000,
        "othercomprehensiveincomeforeigncurrencytransactionandtranslationadjustmentandderivativesqualifyingashedgesnetoftaxportionattributabletoparent": -12000000,
        "othercomprehensiveincomelossnetoftaxportionattributabletoparent": 0,
        "comprehensiveincomenetoftax": 341000000,
        "othercomprehensiveincomedefinedbenefitplanstaxportionattributabletoparent": -76000000,
        "othercomprehensiveincomeforeigncurrencytranslationadjustmentandderivativesqualifyingashedgestaxportionattributabletoparent": -14000000,
        "salesrevenuenet": 16564000000,
        "revenues": 17258000000,
        "costofgoodsandservicessold": -22783000000,
        "sellinggeneralandadministrativeexpense": -6666000000,
        "depreciationdepletionandamortization": 409000000,
        "incomelossfromcontinuingoperationsbeforeinterestexpenseinterestincomeincometaxesextraordinaryitemsnoncontrollinginterestsnet": 703000000,
        "interestexpense": 164000000,
        "incomelossfromcontinuingoperationsbeforeincometaxesminorityinterestandincomelossfromequitymethodinvestments": 539000000,
        "incometaxexpensebenefit": 198000000,
        "earningspersharebasic": 0.5399999999999998,
        "earningspersharediluted": 0.5399999999999998,
        "weightedaveragenumberofsharesoutstandingbasic": -2400000,
        "incrementalcommonsharesattributabletosharebasedpaymentarrangements": -300000,
        "weightedaveragenumberofdilutedsharesoutstanding": -2700000,
        "antidilutivesecuritiesexcludedfromcomputationofearningspershareamount": 100000
    },
    {
        "date": "2013-08-02",
        "symbol": "TGT",
        "period": "Q2",
        "antidilutivesecuritiesexcludedfromcomputationofearningspershareamount": -2200000,
        "othercomprehensiveincomedefinedbenefitplanstaxportionattributabletoparent": 8000000,
        "othercomprehensiveincomeforeigncurrencytranslationadjustmentandderivativesqualifyingashedgestaxportionattributabletoparent": -2000000,
        "netincomelossavailabletocommonstockholdersbasic": 612000000,
        "othercomprehensiveincomedefinedbenefitplansadjustmentnetoftaxportionattributabletoparent": -12000000,
        "othercomprehensiveincomeforeigncurrencytransactionandtranslationadjustmentandderivativesqualifyingashedgesnetoftaxportionattributabletoparent": -100000000,
        "othercomprehensiveincomelossnetoftaxportionattributabletoparent": -88000000,
        "comprehensiveincomenetoftax": 524000000,
        "salesrevenuenet": 33737000000,
        "revenues": 17117000000,
        "costofgoodsandservicessold": 11745000000,
        "sellinggeneralandadministrativeexpense": 3697000000,
        "depreciationdepletionandamortization": 543000000,
        "gainslossesonsalesofcreditcardportfolio": 0,
        "incomelossfromcontinuingoperationsbeforeinterestexpenseinterestincomeincometaxesextraordinaryitemsnoncontrollinginterestsnet": 1132000000,
        "interestexpense": 172000000,
        "incomelossfromcontinuingoperationsbeforeincometaxesminorityinterestandincomelossfromequitymethodinvestments": 960000000,
        "incometaxexpensebenefit": 621000000,
        "earningspersharebasic": 0.96,
        "earningspersharediluted": 0.95,
        "weightedaveragenumberofsharesoutstandingbasic": -3700000,
        "incrementalcommonsharesattributabletosharebasedpaymentarrangements": -100000,
        "weightedaveragenumberofdilutedsharesoutstanding": -3800000
    },
    {
        "date": "2013-05-03",
        "symbol": "TGT",
        "period": "Q1",
        "othercomprehensiveincomedefinedbenefitplanstaxportionattributabletoparent": 26000000,
        "othercomprehensiveincomeforeigncurrencytranslationadjustmentandderivativesqualifyingashedgestaxportionattributabletoparent": 9000000,
        "antidilutivesecuritiesexcludedfromcomputationofearningspershareamount": 4400000,
        "netincomelossavailabletocommonstockholdersbasic": 498000000,
        "othercomprehensiveincomedefinedbenefitplansadjustmentnetoftaxportionattributabletoparent": -40000000,
        "othercomprehensiveincomeforeigncurrencytransactionandtranslationadjustmentandderivativesqualifyingashedgesnetoftaxportionattributabletoparent": -29000000,
        "othercomprehensiveincomelossnetoftaxportionattributabletoparent": 11000000,
        "comprehensiveincomenetoftax": 509000000,
        "salesrevenuenet": 86000000,
        "revenues": 16706000000,
        "costofgoodsandservicessold": 11563000000,
        "sellinggeneralandadministrativeexpense": 3590000000,
        "depreciationdepletionandamortization": 536000000,
        "gainslossesonsalesofcreditcardportfolio": 391000000,
        "incomelossfromcontinuingoperationsbeforeinterestexpenseinterestincomeincometaxesextraordinaryitemsnoncontrollinginterestsnet": 1408000000,
        "interestexpense": 629000000,
        "incomelossfromcontinuingoperationsbeforeincometaxesminorityinterestandincomelossfromequitymethodinvestments": 779000000,
        "incometaxexpensebenefit": 8000000,
        "earningspersharebasic": 0.78,
        "earningspersharediluted": 0.77,
        "weightedaveragenumberofsharesoutstandingbasic": 642100000,
        "incrementalcommonsharesattributabletosharebasedpaymentarrangements": 7400000,
        "weightedaveragenumberofdilutedsharesoutstanding": 649500000
    },
    {
        "date": "2012-10-26",
        "symbol": "TGT",
        "period": "Q3",
        "othercomprehensiveincomedefinedbenefitplanstaxportionattributabletoparent": 9000000,
        "othercomprehensiveincomeforeigncurrencytranslationadjustmentandderivativesqualifyingashedgestaxportionattributabletoparent": 7000000,
        "salesrevenuenet": 16601000000,
        "interestandfeeincomeloansconsumerinstallmentcreditcard": 328000000,
        "revenues": 328000000,
        "costofgoodsandservicessold": 11569000000,
        "sellinggeneralandadministrativeexpense": 3704000000,
        "creditcardexpenses": 106000000,
        "depreciationdepletionandamortization": 542000000,
        "gainlossonloansheldforsaleconsumercreditcard": 156000000,
        "incomelossfromcontinuingoperationsbeforeinterestexpenseinterestincomeincometaxesextraordinaryitemsnoncontrollinginterestsnet": 1164000000,
        "interestexpense": 192000000,
        "incomelossfromcontinuingoperationsbeforeincometaxesminorityinterestandincomelossfromequitymethodinvestments": 972000000,
        "incometaxexpensebenefit": 335000000,
        "netincomelossavailabletocommonstockholdersbasic": 637000000,
        "earningspersharebasic": 0.97,
        "earningspersharediluted": 0.96,
        "weightedaveragenumberofsharesoutstandingbasic": 654800000,
        "weightedaveragenumberofdilutedsharesoutstanding": 662200000,
        "othercomprehensiveincomedefinedbenefitplansadjustmentnetoftaxportionattributabletoparent": -15000000,
        "othercomprehensiveincomeforeigncurrencytransactionandtranslationadjustmentandderivativesqualifyingashedgesnetoftaxportionattributabletoparent": 11000000,
        "othercomprehensiveincomelossnetoftaxportionattributabletoparent": 26000000,
        "comprehensiveincomenetoftax": 663000000
    },
    {
        "date": "2012-07-27",
        "symbol": "TGT",
        "period": "Q2",
        "salesrevenuenet": 16451000000,
        "interestandfeeincomeloansconsumerinstallmentcreditcard": 328000000,
        "revenues": 328000000,
        "costofgoodsandservicessold": 11297000000,
        "sellinggeneralandadministrativeexpense": 3588000000,
        "creditcardexpenses": 108000000,
        "depreciationdepletionandamortization": 531000000,
        "incomelossfromcontinuingoperationsbeforeinterestexpenseinterestincomeincometaxesextraordinaryitemsnoncontrollinginterestsnet": -69000000,
        "interestexpense": 184000000,
        "incomelossfromcontinuingoperationsbeforeincometaxesminorityinterestandincomelossfromequitymethodinvestments": 1071000000,
        "incometaxexpensebenefit": 367000000,
        "netincomelossavailabletocommonstockholdersbasic": 704000000,
        "earningspersharebasic": 1.07,
        "earningspersharediluted": 1.06,
        "weightedaveragenumberofsharesoutstandingbasic": 656700000,
        "weightedaveragenumberofdilutedsharesoutstanding": 662900000,
        "othercomprehensiveincomedefinedbenefitplansadjustmentnetoftaxportionattributabletoparent": -14000000,
        "othercomprehensiveincomeforeigncurrencytransactionandtranslationadjustmentandderivativesqualifyingashedgesnetoftaxportionattributabletoparent": -25000000,
        "othercomprehensiveincomelossnetoftaxportionattributabletoparent": -11000000,
        "comprehensiveincomenetoftax": 693000000,
        "othercomprehensiveincomedefinedbenefitplanstaxportionattributabletoparent": 9000000,
        "othercomprehensiveincomeforeigncurrencytranslationadjustmentandderivativesqualifyingashedgestaxportionattributabletoparent": 16000000
    },
    {
        "date": "2012-04-27",
        "symbol": "TGT",
        "period": "Q1",
        "salesrevenuenet": 16537000000,
        "interestandfeeincomeloansconsumerinstallmentcreditcard": 330000000,
        "revenues": 330000000,
        "costofgoodsandservicessold": 11541000000,
        "sellinggeneralandadministrativeexpense": 3392000000,
        "creditcardexpenses": 120000000,
        "depreciationdepletionandamortization": 529000000,
        "incomelossfromcontinuingoperationsbeforeinterestexpenseinterestincomeincometaxesextraordinaryitemsnoncontrollinginterestsnet": 1285000000,
        "interestexpense": 184000000,
        "incomelossfromcontinuingoperationsbeforeincometaxesminorityinterestandincomelossfromequitymethodinvestments": 1101000000,
        "incometaxexpensebenefit": 404000000,
        "netincomelossavailabletocommonstockholdersbasic": 697000000,
        "earningspersharebasic": 1.05,
        "earningspersharediluted": 1.04,
        "weightedaveragenumberofsharesoutstandingbasic": 666000000,
        "weightedaveragenumberofdilutedsharesoutstanding": 672000000,
        "othercomprehensiveincomedefinedbenefitplansadjustmentnetoftaxportionattributabletoparent": -14000000,
        "othercomprehensiveincomeforeigncurrencytransactionandtranslationadjustmentandderivativesqualifyingashedgesnetoftaxportionattributabletoparent": 26000000,
        "othercomprehensiveincomelossnetoftaxportionattributabletoparent": 40000000,
        "comprehensiveincomenetoftax": 737000000,
        "othercomprehensiveincomedefinedbenefitplanstaxportionattributabletoparent": 9000000,
        "othercomprehensiveincomeforeigncurrencytranslationadjustmentandderivativesqualifyingashedgestaxportionattributabletoparent": 17000000
    },
    {
        "date": "2011-10-28",
        "symbol": "TGT",
        "period": "Q3",
        "salesrevenuenet": 16054000000,
        "interestandfeeincomeloansconsumerinstallmentcreditcard": 348000000,
        "revenues": 348000000,
        "costofgoodsandservicessold": 11165000000,
        "sellinggeneralandadministrativeexpense": 3525000000,
        "creditcardexpenses": 109000000,
        "depreciationdepletionandamortization": 546000000,
        "incomelossfromcontinuingoperationsbeforeinterestexpenseinterestincomeincometaxesextraordinaryitemsnoncontrollinginterestsnet": 1057000000,
        "nonrecoursedebtcollateralizedbycreditcardreceivables": 18000000,
        "interestexpenseother": 184000000,
        "investmentincomeinterest": 2000000,
        "interestexpense": 200000000,
        "incomelossfromcontinuingoperationsbeforeincometaxesminorityinterestandincomelossfromequitymethodinvestments": 857000000,
        "incometaxexpensebenefit": 302000000,
        "netincomelossavailabletocommonstockholdersbasic": 555000000,
        "earningspersharebasic": 0.82,
        "earningspersharediluted": 0.82,
        "weightedaveragenumberofsharesoutstandingbasic": 673200000,
        "weightedaveragenumberofdilutedsharesoutstanding": 678300000
    },
    {
        "date": "2011-07-29",
        "symbol": "TGT",
        "period": "Q2",
        "salesrevenuenet": 15895000000,
        "interestandfeeincomeloansconsumerinstallmentcreditcard": 345000000,
        "revenues": 16240000000,
        "costofgoodsandservicessold": 10872000000,
        "sellinggeneralandadministrativeexpense": 3473000000,
        "creditcardexpenses": 86000000,
        "depreciationdepletionandamortization": 509000000,
        "incomelossfromcontinuingoperationsbeforeinterestexpenseinterestincomeincometaxesextraordinaryitemsnoncontrollinginterestsnet": 1300000000,
        "nonrecoursedebtcollateralizedbycreditcardreceivables": 18000000,
        "interestexpenseother": 174000000,
        "investmentincomeinterest": 1000000,
        "interestexpense": 191000000,
        "incomelossfromcontinuingoperationsbeforeincometaxesminorityinterestandincomelossfromequitymethodinvestments": 1109000000,
        "incometaxexpensebenefit": 405000000,
        "profitloss": 704000000,
        "earningspersharebasic": 1.03,
        "earningspersharediluted": 1.03,
        "weightedaveragenumberofsharesoutstandingbasic": 680800000,
        "weightedaveragenumberofdilutedsharesoutstanding": 685100000
    },
    {
        "date": "2011-04-29",
        "symbol": "TGT",
        "period": "Q1",
        "salesrevenuenet": 15580000000,
        "interestandfeeincomeloansconsumerinstallmentcreditcard": 355000000,
        "revenues": 355000000,
        "costofgoodsandservicessold": 10838000000,
        "sellinggeneralandadministrativeexpense": 3233000000,
        "creditcardexpenses": 88000000,
        "depreciationdepletionandamortization": 512000000,
        "earningsbeforeinterestexpenseincometaxes": 1264000000,
        "nonrecoursedebtcollateralizedbycreditcardreceivables": 19000000,
        "interestexpenseother": 164000000,
        "interestexpense": 183000000,
        "incomelossfromcontinuingoperationsbeforeincometaxesminorityinterestandincomelossfromequitymethodinvestments": 1081000000,
        "incometaxexpensebenefit": 392000000,
        "profitloss": 689000000,
        "earningspersharebasic": 0.99,
        "earningspersharediluted": 0.99,
        "weightedaveragenumberofsharesoutstandingbasic": 692600000,
        "weightedaveragenumberofdilutedsharesoutstanding": 697400000
    },
    {
        "date": "2010-10-29",
        "symbol": "TGT",
        "period": "Q3",
        "salesrevenuenet": 15226000000,
        "interestandfeeincomeloansconsumerinstallmentcreditcard": 379000000,
        "revenues": 15605000000,
        "costofgoodsandservicessold": 10562000000,
        "sellinggeneralandadministrativeexpense": 3345000000,
        "creditcardexpenses": 198000000,
        "depreciationdepletionandamortization": 533000000,
        "earningsbeforeinterestexpenseincometaxes": 967000000,
        "nonrecoursedebtcollateralizedbycreditcardreceivables": 20000000,
        "interestexpenseother": 175000000,
        "investmentincomeinterest": 1000000,
        "interestexpense": 194000000,
        "incomelossfromcontinuingoperationsbeforeincometaxesminorityinterestandincomelossfromequitymethodinvestments": 773000000,
        "incometaxexpensebenefit": 238000000,
        "profitloss": 535000000,
        "earningspersharebasic": 0.75,
        "earningspersharediluted": 0.74,
        "weightedaveragenumberofsharesoutstandingbasic": 715400000,
        "weightedaveragenumberofdilutedsharesoutstanding": 721000000
    },
    {
        "date": "2010-07-30",
        "symbol": "TGT",
        "period": "Q2",
        "salesrevenuenet": 15126000000,
        "interestandfeeincomeloansconsumerinstallmentcreditcard": 406000000,
        "revenues": 15532000000,
        "costofgoodsandservicessold": 10293000000,
        "sellinggeneralandadministrativeexpense": 3263000000,
        "creditcardexpenses": 214000000,
        "depreciationdepletionandamortization": 491000000,
        "earningsbeforeinterestexpenseincometaxes": 1266000000,
        "nonrecoursedebtcollateralizedbycreditcardreceivables": 21000000,
        "interestexpenseother": 165000000,
        "investmentincomeinterest": 1000000,
        "interestexpense": 185000000,
        "incomelossfromcontinuingoperationsbeforeincometaxesminorityinterestandincomelossfromequitymethodinvestments": 1081000000,
        "incometaxexpensebenefit": 402000000,
        "profitloss": 679000000,
        "earningspersharebasic": 0.93,
        "earningspersharediluted": 0.92,
        "weightedaveragenumberofsharesoutstandingbasic": 731100000,
        "weightedaveragenumberofdilutedsharesoutstanding": 736600000
    },
    {
        "date": "2010-04-30",
        "symbol": "TGT",
        "period": "Q1",
        "salesrevenuenet": 15158000000,
        "interestandfeeincomeloansconsumerinstallmentcreditcard": 435000000,
        "revenues": 15593000000,
        "costofgoodsandservicessold": 10412000000,
        "sellinggeneralandadministrativeexpense": 3143000000,
        "creditcardexpenses": 280000000,
        "depreciationdepletionandamortization": 516000000,
        "earningsbeforeinterestexpenseincometaxes": 1242000000,
        "nonrecoursedebtcollateralizedbycreditcardreceivables": 23000000,
        "interestexpenseother": 165000000,
        "investmentincomeinterest": 1000000,
        "interestexpense": 187000000,
        "incomelossfromcontinuingoperationsbeforeincometaxesminorityinterestandincomelossfromequitymethodinvestments": 1055000000,
        "incometaxexpensebenefit": 384000000,
        "profitloss": 671000000,
        "earningspersharebasic": 0.91,
        "earningspersharediluted": 0.9,
        "weightedaveragenumberofsharesoutstandingbasic": 739900000,
        "weightedaveragenumberofdilutedsharesoutstanding": 745700000
    },
    {
        "date": "2009-07-31",
        "symbol": "TGT",
        "period": "Q2",
        "salesrevenuenet": 14567000000,
        "interestandfeeincomeloansconsumerinstallmentcreditcard": 500000000,
        "revenues": 15067000000,
        "costofgoodsandservicessold": 9914000000,
        "sellinggeneralandadministrativeexpense": 3136000000,
        "creditcardexpenses": 388000000,
        "depreciationdepletionandamortization": 478000000,
        "earningsbeforeinterestexpenseincometaxes": 1151000000,
        "nonrecoursedebtcollateralizedbycreditcardreceivables": 24000000,
        "interestexpenseother": 171000000,
        "investmentincomeinterest": 1000000,
        "interestexpense": 194000000,
        "incomelossfromcontinuingoperationsbeforeincometaxesminorityinterestandincomelossfromequitymethodinvestments": 957000000,
        "incometaxexpensebenefit": 363000000,
        "profitloss": 594000000,
        "earningspersharebasic": 0.79,
        "earningspersharediluted": 0.79,
        "weightedaveragenumberofsharesoutstandingbasic": 752000000,
        "weightedaveragenumberofdilutedsharesoutstanding": 754400000
    }
]