[
    {
        "date": "2024-09-29",
        "symbol": "TPG",
        "period": "Q3",
        "revenuefromcontractwithcustomerexcludingassessedtax": 524733000,
        "revenuenotfromcontractwithcustomer": 330670000,
        "revenues": 4200000,
        "laborandrelatedexpense": 205641000,
        "allocatedsharebasedcompensationexpense": 14100000,
        "performanceearningsagreementperformanceallocationexpense": 223637000,
        "employeebenefitsandsharebasedcompensation": 671683000,
        "generalandadministrativeexpense": 141262000,
        "depreciationdepletionandamortization": 32400000,
        "interestexpenseoperating": 21789000,
        "operatingexpenses": 867134000,
        "gainlossoninvestments": -8483000,
        "interestanddividendincomeoperating": 12670000,
        "nonoperatingincomeexpense": 4187000,
        "incomelossattributabletoparent": -7544000,
        "incometaxexpensebenefit": 13881000,
        "profitloss": -21425000,
        "noncontrollinginterestinnetincomelossoperatingpartnershipsnonredeemable": -33503000,
        "noncontrollinginterestinnetincomelossothernoncontrollinginterestsnonredeemable": 3117000,
        "netincomeloss": 8961000,
        "earningspersharebasic": 0.04,
        "earningspersharediluted": -0.08,
        "weightedaveragenumberofsharesoutstandingbasic": 103358212,
        "weightedaveragenumberofdilutedsharesoutstanding": 364836508
    },
    {
        "date": "2024-03-30",
        "symbol": "TPG",
        "period": "Q1",
        "revenuefromcontractwithcustomerexcludingassessedtax": 512295000,
        "revenuenotfromcontractwithcustomer": 311776000,
        "revenues": 824071000,
        "laborandrelatedexpense": 206336000,
        "allocatedsharebasedcompensationexpense": 227908000,
        "performanceearningsagreementperformanceallocationexpense": 196434000,
        "employeebenefitsandsharebasedcompensation": 630678000,
        "generalandadministrativeexpense": 151632000,
        "depreciationdepletionandamortization": 32965000,
        "interestexpense": 21122000,
        "operatingexpenses": 836397000,
        "gainlossoninvestments": -5198000,
        "interestanddividendincomeoperating": 12904000,
        "nonoperatingincomeexpense": 7706000,
        "incomelossattributabletoparent": -4620000,
        "incometaxexpensebenefit": 4386000,
        "profitloss": -9006000,
        "noncontrollinginterestinnetincomelossoperatingpartnershipsnonredeemable": -55037000,
        "noncontrollinginterestinnetincomelossothernoncontrollinginterestsnonredeemable": 30512000,
        "netincomeloss": 15519000,
        "earningspersharebasic": 0.09,
        "earningspersharediluted": -0.11,
        "weightedaveragenumberofsharesoutstandingbasic": 89113782,
        "weightedaveragenumberofdilutedsharesoutstanding": 364350918
    },
    {
        "date": "2023-12-30",
        "symbol": "TPG",
        "period": "Q4",
        "revenuefromcontractwithcustomerexcludingassessedtax": 1060867000,
        "revenuenotfromcontractwithcustomer": 453234000,
        "revenues": 1581911000,
        "laborandrelatedexpense": 188099000,
        "allocatedsharebasedcompensationexpense": 501272000,
        "performanceearningsagreementperformanceallocationexpense": 319028000,
        "employeebenefitsandsharebasedcompensation": 712940000,
        "generalandadministrativeexpense": 171561000,
        "depreciationdepletionandamortization": 23446000,
        "interestexpense": 14800000,
        "othergeneralexpense": 0,
        "operatingexpenses": 922747000,
        "gainlossoninvestments": -4895000,
        "interestanddividendincomeoperating": 28394000,
        "unrealizedgainlossonderivatives": 0,
        "nonoperatingincomeexpense": 8779000,
        "incomelossattributabletoparent": 69169000,
        "incometaxexpensebenefit": 26757000,
        "profitloss": 42412000,
        "netincomelossattributabletoredeemablenoncontrollinginterest": 0,
        "noncontrollinginterestinnetincomelossothernoncontrollinginterestsnonredeemable": 21296000,
        "netincomeloss": 13173000,
        "earningspersharebasic": 0.15999999999999998,
        "earningspersharediluted": 0.039999999999999994,
        "weightedaveragenumberofsharesoutstandingbasic": 80334871,
        "weightedaveragenumberofdilutedsharesoutstanding": 317944496
    },
    {
        "date": "2023-09-29",
        "symbol": "TPG",
        "period": "Q3",
        "revenuefromcontractwithcustomerexcludingassessedtax": 366149000,
        "revenuenotfromcontractwithcustomer": -205794000,
        "revenues": 160355000,
        "laborandrelatedexpense": 123160000,
        "allocatedsharebasedcompensationexpense": 136650000,
        "performanceearningsagreementperformanceallocationexpense": -120770000,
        "employeebenefitsandsharebasedcompensation": 139040000,
        "generalandadministrativeexpense": 101596000,
        "depreciationdepletionandamortization": 7701000,
        "interestexpense": 7792000,
        "othergeneralexpense": 81000,
        "operatingexpenses": 256210000,
        "gainlossoninvestments": -4203000,
        "interestanddividendincomeoperating": 10994000,
        "unrealizedgainlossonderivatives": 750000,
        "nonoperatingincomeexpense": 9387000,
        "incomelossattributabletoparent": -86468000,
        "incometaxexpensebenefit": 8244000,
        "profitloss": -94712000,
        "netincomelossattributabletoredeemablenoncontrollinginterest": 5148000,
        "noncontrollinginterestinnetincomelossothernoncontrollinginterestsnonredeemable": -64971000,
        "netincomelossattributabletononredeemablenoncontrollinginterest": -49556000,
        "netincomeloss": 14667000,
        "earningspersharebasic": 0.14,
        "earningspersharediluted": -0.09,
        "weightedaveragenumberofsharesoutstandingbasic": 80617057,
        "weightedaveragenumberofdilutedsharesoutstanding": 309269698
    },
    {
        "date": "2023-06-29",
        "symbol": "TPG",
        "period": "Q2",
        "revenuefromcontractwithcustomerexcludingassessedtax": 51368000,
        "revenuenotfromcontractwithcustomer": 276171000,
        "revenues": 4500000,
        "laborandrelatedexpense": 115667000,
        "allocatedsharebasedcompensationexpense": 9000000,
        "performanceearningsagreementperformanceallocationexpense": 172077000,
        "employeebenefitsandsharebasedcompensation": 442910000,
        "generalandadministrativeexpense": 104544000,
        "depreciationdepletionandamortization": 8304000,
        "interestexpense": 8518000,
        "othergeneralexpense": 453000,
        "operatingexpenses": 564729000,
        "gainlossoninvestments": 846000,
        "interestanddividendincomeoperating": 3134000,
        "unrealizedgainlossonderivatives": 667000,
        "nonoperatingincomeexpense": 14630000,
        "incomelossattributabletoparent": 53175000,
        "incometaxexpensebenefit": 13164000,
        "profitloss": 40011000,
        "netincomelossattributabletoredeemablenoncontrollinginterest": 5367000,
        "netincomelossattributabletononredeemablenoncontrollinginterest": -25306000,
        "noncontrollinginterestinnetincomelossothernoncontrollinginterestsnonredeemable": 32755000,
        "netincomeloss": 27195000,
        "earningspersharebasic": 0.32,
        "earningspersharediluted": 0.02,
        "weightedaveragenumberofsharesoutstandingbasic": 80540569,
        "weightedaveragenumberofdilutedsharesoutstanding": 309193210
    },
    {
        "date": "2023-03-30",
        "symbol": "TPG",
        "period": "Q1",
        "revenuefromcontractwithcustomerexcludingassessedtax": 56242000,
        "revenuenotfromcontractwithcustomer": 331674000,
        "revenues": 643145000,
        "laborandrelatedexpense": 120451000,
        "allocatedsharebasedcompensationexpense": 8000000,
        "performanceearningsagreementperformanceallocationexpense": 221341000,
        "employeebenefitsandsharebasedcompensation": 499085000,
        "generalandadministrativeexpense": 104873000,
        "depreciationdepletionandamortization": 8222000,
        "interestexpense": 7418000,
        "othergeneralexpense": 519000,
        "operatingexpenses": 620117000,
        "gainlossoninvestments": 14816000,
        "interestanddividendincomeoperating": 100000,
        "unrealizedgainlossonderivatives": -750000,
        "nonoperatingincomeexpense": 24749000,
        "incomelossattributabletoparent": 47777000,
        "incometaxexpensebenefit": 12103000,
        "profitloss": 35674000,
        "netincomelossattributabletoredeemablenoncontrollinginterest": 1529000,
        "netincomelossattributabletononredeemablenoncontrollinginterest": -25492000,
        "noncontrollinginterestinnetincomelossothernoncontrollinginterestsnonredeemable": 34582000,
        "netincomeloss": 25055000,
        "earningspersharebasic": 0.27,
        "earningspersharediluted": -0.01,
        "weightedaveragenumberofsharesoutstandingbasic": 79499319,
        "weightedaveragenumberofdilutedsharesoutstanding": 309140849
    },
    {
        "date": "2022-12-30",
        "symbol": "TPG",
        "period": "Q4",
        "revenuefromcontractwithcustomerexcludingassessedtax": 54072000,
        "revenuenotfromcontractwithcustomer": 89156000,
        "revenues": 439335000,
        "laborandrelatedexpense": 124945000,
        "allocatedsharebasedcompensationexpense": 900000,
        "performanceearningsagreementperformanceallocationexpense": 41949000,
        "employeebenefitsandsharebasedcompensation": 320408000,
        "generalandadministrativeexpense": 93447000,
        "depreciationdepletionandamortization": 8361000,
        "interestexpense": 15675000,
        "othergeneralexpense": 769000,
        "operatingexpenses": 340201000,
        "gainlossoninvestments": 4566038000,
        "interestanddividendincomeoperating": -226000,
        "unrealizedgainlossonderivatives": 0,
        "incomelossattributabletoparent": -81671000,
        "incometaxexpensebenefit": 8949000,
        "profitloss": 4034838000,
        "netincomelossattributabletoredeemablenoncontrollinginterest": 1445000,
        "netincomelossattributabletononredeemablenoncontrollinginterest": -40145000,
        "netincomeloss": 23641000,
        "earningspersharebasic": 0.29000000000000015,
        "earningspersharediluted": -0.02000000000000003,
        "weightedaveragenumberofsharesoutstandingbasic": -158491526,
        "weightedaveragenumberofdilutedsharesoutstanding": -617796808
    },
    {
        "date": "2022-09-29",
        "symbol": "TPG",
        "period": "Q3",
        "revenuefromcontractwithcustomerexcludingassessedtax": 64897000,
        "revenuenotfromcontractwithcustomer": 227628000,
        "revenues": 561124000,
        "laborandrelatedexpense": 116753000,
        "allocatedsharebasedcompensationexpense": 600000,
        "performanceearningsagreementperformanceallocationexpense": 149495000,
        "employeebenefitsandsharebasedcompensation": 409397000,
        "generalandadministrativeexpense": 95533000,
        "depreciationdepletionandamortization": 7372000,
        "interestexpense": 5737000,
        "othergeneralexpense": 567000,
        "operatingexpenses": 518606000,
        "gainlossoninvestments": 1907000,
        "interestanddividendincomeoperating": 100000,
        "unrealizedgainlossonderivatives": 605000,
        "nonoperatingincomeexpense": 11120000,
        "incomelossattributabletoparent": 53638000,
        "incometaxexpensebenefit": 432000,
        "profitloss": 53206000,
        "netincomelossattributabletoredeemablenoncontrollinginterest": 7322000,
        "netincomelossattributabletononredeemablenoncontrollinginterest": -6898000,
        "netincomelossattributabletononcontrollinginterest": 15422000,
        "netincomeloss": 37360000,
        "earningspersharebasic": 0.44,
        "earningspersharediluted": 0.09,
        "weightedaveragenumberofsharesoutstandingbasic": 79266822,
        "weightedaveragenumberofdilutedsharesoutstanding": 308919463
    },
    {
        "date": "2022-06-29",
        "symbol": "TPG",
        "period": "Q2",
        "revenuefromcontractwithcustomerexcludingassessedtax": 47099000,
        "revenuenotfromcontractwithcustomer": -398237000,
        "revenues": -108282000,
        "laborandrelatedexpense": 115639000,
        "allocatedsharebasedcompensationexpense": 200000,
        "performanceearningsagreementperformanceallocationexpense": -298026000,
        "employeebenefitsandsharebasedcompensation": -37247000,
        "generalandadministrativeexpense": 77671000,
        "depreciationdepletionandamortization": 8558000,
        "interestexpense": 100000,
        "othergeneralexpense": 457000,
        "operatingexpenses": 54170000,
        "gainlossoninvestments": -99395000,
        "interestanddividendincomeoperating": 100000,
        "unrealizedgainlossonderivatives": 1806000,
        "nonoperatingincomeexpense": -91947000,
        "incomelossattributabletoparent": -254399000,
        "incometaxexpensebenefit": 8098000,
        "profitloss": -262497000,
        "netincomelossattributabletoredeemablenoncontrollinginterest": 4058000,
        "netincomelossattributabletononredeemablenoncontrollinginterest": -128869000,
        "netincomelossattributabletononcontrollinginterest": -127827000,
        "netincomeloss": -9859000,
        "earningspersharebasic": -0.15,
        "earningspersharediluted": -0.37,
        "weightedaveragenumberofsharesoutstandingbasic": 79240058,
        "weightedaveragenumberofdilutedsharesoutstanding": 308892699
    },
    {
        "date": "2022-03-30",
        "symbol": "TPG",
        "period": "Q1",
        "revenuefromcontractwithcustomerexcludingassessedtax": 43315000,
        "revenuenotfromcontractwithcustomer": 837705000,
        "revenues": 1110710000,
        "laborandrelatedexpense": 116359000,
        "allocatedsharebasedcompensationexpense": 5400000,
        "performanceearningsagreementperformanceallocationexpense": 523138000,
        "employeebenefitsandsharebasedcompensation": 825408000,
        "generalandadministrativeexpense": 102264000,
        "depreciationdepletionandamortization": 8699000,
        "interestexpense": 100000,
        "othergeneralexpense": 1523000,
        "operatingexpenses": 942532000,
        "gainlossoninvestments": 6643000,
        "interestanddividendincomeoperating": 126000,
        "unrealizedgainlossonderivatives": -1025000,
        "investmentincomenet": 9630000,
        "incomelossattributabletoparent": 177808000,
        "incometaxexpensebenefit": 15004000,
        "profitloss": 157099000,
        "netincomelossattributabletoredeemablenoncontrollinginterest": 1823000,
        "netincomelossattributabletononredeemablenoncontrollinginterest": -4912000,
        "netincomelossattributabletononcontrollinginterest": 118904000,
        "netincomeloss": 41284000,
        "earningspersharebasic": 0.52,
        "earningspersharediluted": 0.11,
        "weightedaveragenumberofsharesoutstandingbasic": 79240057,
        "weightedaveragenumberofdilutedsharesoutstanding": 308892698,
        "interestexpenserelatedparty": 12000
    }
]