[
    {
        "date": "2023-12-30",
        "symbol": "UNP",
        "period": "Q4",
        "revenuefromcontractwithcustomerexcludingassessedtax": 5801000000,
        "laborandrelatedexpense": 1169000000,
        "fuelcosts": 759000000,
        "purchasedservicesandmaterial": 645000000,
        "depreciation": 589000000,
        "equipmentandotherrents": 229000000,
        "othercostandexpenseoperating": 361000000,
        "costsandexpenses": 3752000000,
        "operatingincomeloss": 2407000000,
        "othernonoperatingincomeexpense": 108000000,
        "interestexpense": 331000000,
        "incomelossfromcontinuingoperationsbeforeincometaxesextraordinaryitemsnoncontrollinginterest": 2184000000,
        "incometaxexpensebenefit": 532000000,
        "netincomeloss": 1652000000,
        "earningspersharebasic": 2.710000000000001,
        "earningspersharediluted": 2.6999999999999993,
        "weightedaveragenumberofsharesoutstandingbasic": 609200000,
        "weightedaveragenumberofdilutedsharesoutstanding": 610200000,
        "othercomprehensiveincomelosspensionandotherpostretirementbenefitplansadjustmentnetoftax": 109000000,
        "othercomprehensiveincomelossforeigncurrencytransactionandtranslationadjustmentnetoftax": -8000000,
        "othercomprehensiveincomelossnetoftaxportionattributabletoparent": -117000000,
        "comprehensiveincomenetoftax": 1535000000
    },
    {
        "date": "2023-09-29",
        "symbol": "UNP",
        "period": "Q3",
        "revenuefromcontractwithcustomerexcludingassessedtax": 5545000000,
        "laborandrelatedexpense": 1201000000,
        "fuelcosts": 702000000,
        "purchasedservicesandmaterial": 668000000,
        "depreciation": 580000000,
        "equipmentandotherrents": 235000000,
        "othercostandexpenseoperating": 378000000,
        "costsandexpenses": 3764000000,
        "operatingincomeloss": 2177000000,
        "othernonoperatingincomeexpense": 106000000,
        "interestexpense": 334000000,
        "incomelossfromcontinuingoperationsbeforeincometaxesextraordinaryitemsnoncontrollinginterest": 1949000000,
        "incometaxexpensebenefit": 421000000,
        "netincomeloss": 1528000000,
        "earningspersharebasic": 2.51,
        "earningspersharediluted": 2.51,
        "weightedaveragenumberofsharesoutstandingbasic": -610000000,
        "weightedaveragenumberofdilutedsharesoutstanding": -610700000,
        "othercomprehensiveincomelosspensionandotherpostretirementbenefitplansadjustmentnetoftax": 2000000,
        "othercomprehensiveincomelossforeigncurrencytransactionandtranslationadjustmentnetoftax": 22000000,
        "othercomprehensiveincomelossnetoftaxportionattributabletoparent": 20000000,
        "comprehensiveincomenetoftax": 1548000000
    },
    {
        "date": "2023-06-29",
        "symbol": "UNP",
        "period": "Q2",
        "othercomprehensiveincomelosstaxportionattributabletoparent1": 3000000,
        "revenuefromcontractwithcustomerexcludingassessedtax": 5569000000,
        "laborandrelatedexpense": 1269000000,
        "fuelcosts": 664000000,
        "purchasedservicesandmaterial": 650000000,
        "depreciation": 577000000,
        "equipmentandotherrents": 248000000,
        "othercostandexpenseoperating": 351000000,
        "costsandexpenses": 3759000000,
        "operatingincomeloss": 2204000000,
        "othernonoperatingincomeexpense": 93000000,
        "interestexpense": 339000000,
        "incomelossfromcontinuingoperationsbeforeincometaxesextraordinaryitemsnoncontrollinginterest": 1958000000,
        "incometaxexpensebenefit": 389000000,
        "netincomeloss": 1569000000,
        "earningspersharebasic": 2.58,
        "earningspersharediluted": 2.57,
        "weightedaveragenumberofsharesoutstandingbasic": 608700000,
        "weightedaveragenumberofdilutedsharesoutstanding": 609500000,
        "othercomprehensiveincomelosspensionandotherpostretirementbenefitplansadjustmentnetoftax": -6000000,
        "othercomprehensiveincomelossforeigncurrencytransactionandtranslationadjustmentnetoftax": 21000000,
        "othercomprehensiveincomelosscashflowhedgegainlossbeforereclassificationaftertax": 16000000,
        "othercomprehensiveincomelossnetoftaxportionattributabletoparent": 43000000,
        "comprehensiveincomenetoftax": 1612000000
    },
    {
        "date": "2023-03-30",
        "symbol": "UNP",
        "period": "Q1",
        "revenuefromcontractwithcustomerexcludingassessedtax": 5656000000,
        "laborandrelatedexpense": 1179000000,
        "fuelcosts": 766000000,
        "purchasedservicesandmaterial": 653000000,
        "depreciation": 572000000,
        "equipmentandotherrents": 235000000,
        "othercostandexpenseoperating": 357000000,
        "costsandexpenses": 3762000000,
        "operatingincomeloss": 2294000000,
        "othernonoperatingincomeexpense": 184000000,
        "interestexpense": 336000000,
        "incomelossfromcontinuingoperationsbeforeincometaxesextraordinaryitemsnoncontrollinginterest": 2142000000,
        "incometaxexpensebenefit": 512000000,
        "netincomeloss": 1630000000,
        "earningspersharebasic": 2.67,
        "earningspersharediluted": 2.67,
        "weightedaveragenumberofsharesoutstandingbasic": 610600000,
        "weightedaveragenumberofdilutedsharesoutstanding": 611500000,
        "othercomprehensiveincomelosspensionandotherpostretirementbenefitplansadjustmentnetoftax": 1000000,
        "othercomprehensiveincomelossforeigncurrencytransactionandtranslationadjustmentnetoftax": 23000000,
        "othercomprehensiveincomelossnetoftaxportionattributabletoparent": 22000000,
        "comprehensiveincomenetoftax": 1652000000
    },
    {
        "date": "2022-12-30",
        "symbol": "UNP",
        "period": "Q4",
        "othercomprehensiveincomelosstaxportionattributabletoparent1": -75000000,
        "revenuefromcontractwithcustomerexcludingassessedtax": 5768000000,
        "laborandrelatedexpense": 1174000000,
        "fuelcosts": 853000000,
        "purchasedservicesandmaterial": 633000000,
        "depreciation": 569000000,
        "equipmentandotherrents": 238000000,
        "othercostandexpenseoperating": 301000000,
        "costsandexpenses": 3768000000,
        "operatingincomeloss": 2412000000,
        "othernonoperatingincomeexpense": 92000000,
        "interestexpense": 333000000,
        "incomelossfromcontinuingoperationsbeforeincometaxesextraordinaryitemsnoncontrollinginterest": 2171000000,
        "incometaxexpensebenefit": 533000000,
        "netincomeloss": 1638000000,
        "earningspersharebasic": 2.6800000000000015,
        "earningspersharediluted": 2.6600000000000006,
        "weightedaveragenumberofsharesoutstandingbasic": -1255500000,
        "weightedaveragenumberofdilutedsharesoutstanding": -1257900000,
        "othercomprehensiveincomelosspensionandotherpostretirementbenefitplansadjustmentnetoftax": -236000000,
        "othercomprehensiveincomelossforeigncurrencytransactionandtranslationadjustmentnetoftax": 14000000,
        "othercomprehensiveincomelossnetoftaxportionattributabletoparent": 265000000,
        "comprehensiveincomenetoftax": 1888000000
    },
    {
        "date": "2022-09-29",
        "symbol": "UNP",
        "period": "Q3",
        "othercomprehensiveincomelosstaxportionattributabletoparent1": -6000000,
        "revenuefromcontractwithcustomerexcludingassessedtax": 6109000000,
        "laborandrelatedexpense": 1278000000,
        "fuelcosts": 932000000,
        "purchasedservicesandmaterial": 626000000,
        "depreciation": 563000000,
        "equipmentandotherrents": 215000000,
        "othercostandexpenseoperating": 319000000,
        "costsandexpenses": 3933000000,
        "operatingincomeloss": 2633000000,
        "othernonoperatingincomeexpense": 124000000,
        "interestexpense": 315000000,
        "incomelossfromcontinuingoperationsbeforeincometaxesextraordinaryitemsnoncontrollinginterest": 2442000000,
        "incometaxexpensebenefit": 547000000,
        "netincomeloss": 1895000000,
        "earningspersharebasic": 3.05,
        "earningspersharediluted": 3.05,
        "weightedaveragenumberofsharesoutstandingbasic": 620400000,
        "weightedaveragenumberofdilutedsharesoutstanding": 621500000,
        "othercomprehensiveincomelosspensionandotherpostretirementbenefitplansadjustmentnetoftax": -15000000,
        "othercomprehensiveincomelossforeigncurrencytransactionandtranslationadjustmentnetoftax": -6000000,
        "othercomprehensiveincomelossnetoftaxportionattributabletoparent": -6000000,
        "comprehensiveincomenetoftax": 1904000000
    },
    {
        "date": "2022-06-29",
        "symbol": "UNP",
        "period": "Q2",
        "othercomprehensiveincomelosstaxportionattributabletoparent1": -6000000,
        "revenuefromcontractwithcustomerexcludingassessedtax": 5842000000,
        "laborandrelatedexpense": 1092000000,
        "fuelcosts": 940000000,
        "purchasedservicesandmaterial": 622000000,
        "depreciation": 559000000,
        "equipmentandotherrents": 230000000,
        "othercostandexpenseoperating": 331000000,
        "costsandexpenses": 3774000000,
        "operatingincomeloss": 2495000000,
        "othernonoperatingincomeexpense": 163000000,
        "interestexpense": 316000000,
        "incomelossfromcontinuingoperationsbeforeincometaxesextraordinaryitemsnoncontrollinginterest": 2342000000,
        "incometaxexpensebenefit": 507000000,
        "netincomeloss": 1835000000,
        "earningspersharebasic": 2.93,
        "earningspersharediluted": 2.93,
        "weightedaveragenumberofsharesoutstandingbasic": 625600000,
        "weightedaveragenumberofdilutedsharesoutstanding": 626800000,
        "othercomprehensiveincomelosspensionandotherpostretirementbenefitplansadjustmentnetoftax": -14000000,
        "othercomprehensiveincomelossforeigncurrencytransactionandtranslationadjustmentnetoftax": 23000000,
        "othercomprehensiveincomelossnetoftaxportionattributabletoparent": 37000000,
        "comprehensiveincomenetoftax": 1872000000
    },
    {
        "date": "2022-03-30",
        "symbol": "UNP",
        "period": "Q1",
        "othercomprehensiveincomelosstaxportionattributabletoparent1": -5000000,
        "revenuefromcontractwithcustomerexcludingassessedtax": 5440000000,
        "laborandrelatedexpense": 1101000000,
        "fuelcosts": 714000000,
        "purchasedservicesandmaterial": 561000000,
        "depreciation": 555000000,
        "equipmentandotherrents": 215000000,
        "othercostandexpenseoperating": 337000000,
        "costsandexpenses": 3483000000,
        "operatingincomeloss": 2377000000,
        "othernonoperatingincomeexpense": 47000000,
        "interestexpense": 307000000,
        "incomelossfromcontinuingoperationsbeforeincometaxesextraordinaryitemsnoncontrollinginterest": 2117000000,
        "incometaxexpensebenefit": 487000000,
        "netincomeloss": 1630000000,
        "earningspersharebasic": 2.58,
        "earningspersharediluted": 2.57,
        "weightedaveragenumberofsharesoutstandingbasic": 632200000,
        "weightedaveragenumberofdilutedsharesoutstanding": 633600000,
        "othercomprehensiveincomelosspensionandotherpostretirementbenefitplansadjustmentnetoftax": -15000000,
        "othercomprehensiveincomelossforeigncurrencytransactionandtranslationadjustmentnetoftax": 21000000,
        "othercomprehensiveincomelossnetoftaxportionattributabletoparent": 36000000,
        "comprehensiveincomenetoftax": 1666000000
    },
    {
        "date": "2021-12-30",
        "symbol": "UNP",
        "period": "Q4",
        "revenuefromcontractwithcustomerexcludingassessedtax": 18469000000,
        "laborandrelatedexpense": 1070000000,
        "depreciation": 556000000,
        "fuelcosts": 597000000,
        "purchasedservicesandmaterial": 538000000,
        "equipmentandotherrents": 230000000,
        "othercostandexpenseoperating": 302000000,
        "operatingincomeloss": 2440000000,
        "othernonoperatingincomeexpense": 83000000,
        "interestexpense": 295000000,
        "incometaxexpensebenefit": 517000000,
        "netincomeloss": 1711000000,
        "earningspersharebasic": 2.66,
        "earningspersharediluted": 2.6599999999999984,
        "weightedaveragenumberofsharesoutstandingbasic": -1321000000,
        "weightedaveragenumberofdilutedsharesoutstanding": -1324200000,
        "othercomprehensiveincomelosspensionandotherpostretirementbenefitplansadjustmentnetoftax": -650000000,
        "othercomprehensiveincomelossforeigncurrencytransactionandtranslationadjustmentnetoftax": -31000000
    },
    {
        "date": "2021-09-29",
        "symbol": "UNP",
        "period": "Q3",
        "revenuefromcontractwithcustomerexcludingassessedtax": 592000000,
        "revenues": 5566000000,
        "laborandrelatedexpense": 1040000000,
        "depreciation": 553000000,
        "purchasedservicesandmaterial": 510000000,
        "fuelcosts": 544000000,
        "equipmentandotherrents": 217000000,
        "othercostandexpenseoperating": 270000000,
        "operatingexpenses": 3134000000,
        "operatingincomeloss": 2432000000,
        "othernonoperatingincomeexpense": 38000000,
        "interestexpense": 290000000,
        "incomelossfromcontinuingoperationsbeforeincometaxesminorityinterestandincomelossfromequitymethodinvestments": 2180000000,
        "incometaxexpensebenefit": 507000000,
        "netincomeloss": 1673000000,
        "earningspersharebasic": 2.58,
        "earningspersharediluted": 2.57,
        "weightedaveragenumberofsharesoutstandingbasic": 648700000,
        "weightedaveragenumberofdilutedsharesoutstanding": 650300000,
        "othercomprehensiveincomelosspensionandotherpostretirementbenefitplansadjustmentnetoftax": -24000000,
        "othercomprehensiveincomelossforeigncurrencytransactionandtranslationadjustmentnetoftax": -6000000,
        "othercomprehensiveincomelossnetoftax": -6000000,
        "comprehensiveincomenetoftaxincludingportionattributabletononcontrollinginterest": 1691000000,
        "othercomprehensiveincomelosstax": 8000000
    },
    {
        "date": "2021-06-29",
        "symbol": "UNP",
        "period": "Q2",
        "revenuefromcontractwithcustomerexcludingassessedtax": 618000000,
        "revenues": 5504000000,
        "laborandrelatedexpense": 1022000000,
        "depreciation": 550000000,
        "purchasedservicesandmaterial": 478000000,
        "fuelcosts": 497000000,
        "equipmentandotherrents": 200000000,
        "othercostandexpenseoperating": 284000000,
        "operatingexpenses": 3031000000,
        "operatingincomeloss": 2473000000,
        "othernonoperatingincomeexpense": 125000000,
        "interestexpense": 282000000,
        "incomelossfromcontinuingoperationsbeforeincometaxesminorityinterestandincomelossfromequitymethodinvestments": 2316000000,
        "incometaxexpensebenefit": 518000000,
        "netincomeloss": 1798000000,
        "earningspersharebasic": 2.73,
        "earningspersharediluted": 2.72,
        "weightedaveragenumberofsharesoutstandingbasic": 658500000,
        "weightedaveragenumberofdilutedsharesoutstanding": 660100000,
        "othercomprehensiveincomelosspensionandotherpostretirementbenefitplansadjustmentnetoftax": -24000000,
        "othercomprehensiveincomelossforeigncurrencytransactionandtranslationadjustmentnetoftax": 19000000,
        "othercomprehensiveincomelossnetoftax": 19000000,
        "comprehensiveincomenetoftaxincludingportionattributabletononcontrollinginterest": 1841000000,
        "othercomprehensiveincomelosstax": 10000000
    },
    {
        "date": "2021-03-30",
        "symbol": "UNP",
        "period": "Q1",
        "revenuefromcontractwithcustomerexcludingassessedtax": 565000000,
        "revenues": 5001000000,
        "laborandrelatedexpense": 1026000000,
        "depreciation": 549000000,
        "purchasedservicesandmaterial": 490000000,
        "fuelcosts": 411000000,
        "equipmentandotherrents": 212000000,
        "othercostandexpenseoperating": 320000000,
        "operatingexpenses": 3008000000,
        "operatingincomeloss": 1993000000,
        "othernonoperatingincomeexpense": 51000000,
        "interestexpense": 290000000,
        "incomelossfromcontinuingoperationsbeforeincometaxesminorityinterestandincomelossfromequitymethodinvestments": 1754000000,
        "incometaxexpensebenefit": 413000000,
        "netincomeloss": 1341000000,
        "earningspersharebasic": 2.01,
        "earningspersharediluted": 2,
        "weightedaveragenumberofsharesoutstandingbasic": 667600000,
        "weightedaveragenumberofdilutedsharesoutstanding": 669200000,
        "othercomprehensiveincomelosspensionandotherpostretirementbenefitplansadjustmentnetoftax": -25000000,
        "othercomprehensiveincomelossforeigncurrencytransactionandtranslationadjustmentnetoftax": -26000000,
        "othercomprehensiveincomelossnetoftax": -26000000,
        "comprehensiveincomenetoftaxincludingportionattributabletononcontrollinginterest": 1340000000,
        "othercomprehensiveincomelosstax": 8000000
    },
    {
        "date": "2020-12-30",
        "symbol": "UNP",
        "period": "Q4",
        "revenuefromcontractwithcustomerexcludingassessedtax": 572000000,
        "revenues": 5141000000,
        "laborandrelatedexpense": 1021000000,
        "depreciation": 557000000,
        "purchasedservicesandmaterial": 492000000,
        "fuelcosts": 332000000,
        "equipmentandotherrents": 220000000,
        "othercostandexpenseoperating": 513000000,
        "operatingexpenses": 3135000000,
        "operatingincomeloss": 2006000000,
        "othernonoperatingincomeexpense": 66000000,
        "interestexpense": 279000000,
        "incomelossfromcontinuingoperationsbeforeincometaxesminorityinterestandincomelossfromequitymethodinvestments": 1793000000,
        "incometaxexpensebenefit": 413000000,
        "netincomeloss": 1380000000,
        "earningspersharebasic": 2.060000000000001,
        "earningspersharediluted": 2.0500000000000003,
        "weightedaveragenumberofsharesoutstandingbasic": -1359700000,
        "weightedaveragenumberofdilutedsharesoutstanding": -1363100000,
        "othercomprehensiveincomelosspensionandotherpostretirementbenefitplansadjustmentnetoftax": 289000000,
        "othercomprehensiveincomelossforeigncurrencytransactionandtranslationadjustmentnetoftax": 47000000,
        "othercomprehensiveincomelossnetoftax": 47000000,
        "comprehensiveincomenetoftaxincludingportionattributabletononcontrollinginterest": 1138000000,
        "othercomprehensiveincomelosstax": -93000000
    },
    {
        "date": "2020-09-29",
        "symbol": "UNP",
        "period": "Q3",
        "revenuefromcontractwithcustomerexcludingassessedtax": 556000000,
        "revenues": 4919000000,
        "laborandrelatedexpense": 1008000000,
        "depreciation": 555000000,
        "purchasedservicesandmaterial": 508000000,
        "fuelcosts": 301000000,
        "equipmentandotherrents": 217000000,
        "othercostandexpenseoperating": 299000000,
        "operatingexpenses": 2888000000,
        "operatingincomeloss": 2031000000,
        "othernonoperatingincomeexpense": 37000000,
        "interestexpense": 295000000,
        "incomelossfromcontinuingoperationsbeforeincometaxesminorityinterestandincomelossfromequitymethodinvestments": 1773000000,
        "incometaxexpensebenefit": 410000000,
        "netincomeloss": 1363000000,
        "earningspersharebasic": 2.02,
        "earningspersharediluted": 2.01,
        "weightedaveragenumberofsharesoutstandingbasic": 675000000,
        "weightedaveragenumberofdilutedsharesoutstanding": 676800000,
        "othercomprehensiveincomelosspensionandotherpostretirementbenefitplansadjustmentnetoftax": -18000000,
        "othercomprehensiveincomelossforeigncurrencytransactionandtranslationadjustmentnetoftax": 3000000,
        "othercomprehensiveincomelossnetoftax": 3000000,
        "comprehensiveincomenetoftaxincludingportionattributabletononcontrollinginterest": 1384000000,
        "othercomprehensiveincomelosstax": 6000000
    },
    {
        "date": "2020-06-29",
        "symbol": "UNP",
        "period": "Q2",
        "revenuefromcontractwithcustomerexcludingassessedtax": 389000000,
        "revenues": 4244000000,
        "laborandrelatedexpense": 905000000,
        "depreciation": 551000000,
        "purchasedservicesandmaterial": 441000000,
        "fuelcosts": 247000000,
        "equipmentandotherrents": 211000000,
        "othercostandexpenseoperating": 235000000,
        "operatingexpenses": 2590000000,
        "operatingincomeloss": 1654000000,
        "othernonoperatingincomeexpense": 131000000,
        "interestexpense": 289000000,
        "incomelossfromcontinuingoperationsbeforeincometaxesminorityinterestandincomelossfromequitymethodinvestments": 1496000000,
        "incometaxexpensebenefit": 364000000,
        "netincomeloss": 1132000000,
        "earningspersharebasic": 1.67,
        "earningspersharediluted": 1.67,
        "weightedaveragenumberofsharesoutstandingbasic": 677700000,
        "weightedaveragenumberofdilutedsharesoutstanding": 679200000,
        "othercomprehensiveincomelosspensionandotherpostretirementbenefitplansadjustmentnetoftax": -18000000,
        "othercomprehensiveincomelossforeigncurrencytransactionandtranslationadjustmentnetoftax": -61000000,
        "othercomprehensiveincomelossnetoftax": -61000000,
        "comprehensiveincomenetoftaxincludingportionattributabletononcontrollinginterest": 1089000000,
        "othercomprehensiveincomelosstax": 5000000
    },
    {
        "date": "2020-03-30",
        "symbol": "UNP",
        "period": "Q1",
        "revenuefromcontractwithcustomerexcludingassessedtax": 583000000,
        "revenues": 5229000000,
        "laborandrelatedexpense": 1059000000,
        "depreciation": 547000000,
        "purchasedservicesandmaterial": 521000000,
        "fuelcosts": 434000000,
        "equipmentandotherrents": 227000000,
        "othercostandexpenseoperating": 298000000,
        "operatingexpenses": 3086000000,
        "operatingincomeloss": 2143000000,
        "othernonoperatingincomeexpense": 53000000,
        "interestexpense": 278000000,
        "incomelossfromcontinuingoperationsbeforeincometaxesminorityinterestandincomelossfromequitymethodinvestments": 1918000000,
        "incometaxexpensebenefit": 444000000,
        "netincomeloss": 1474000000,
        "earningspersharebasic": 2.15,
        "earningspersharediluted": 2.15,
        "weightedaveragenumberofsharesoutstandingbasic": 684300000,
        "weightedaveragenumberofdilutedsharesoutstanding": 686200000,
        "othercomprehensiveincomelosspensionandotherpostretirementbenefitplansadjustmentnetoftax": -22000000,
        "othercomprehensiveincomelossforeigncurrencytransactionandtranslationadjustmentnetoftax": 5000000,
        "othercomprehensiveincomelossnetoftax": 5000000,
        "comprehensiveincomenetoftaxincludingportionattributabletononcontrollinginterest": 1501000000,
        "othercomprehensiveincomelosstax": 7000000
    },
    {
        "date": "2019-12-30",
        "symbol": "UNP",
        "period": "Q4",
        "revenuefromcontractwithcustomerexcludingassessedtax": 721000000,
        "revenues": 5212000000,
        "laborandrelatedexpense": 1049000000,
        "purchasedservicesandmaterial": 531000000,
        "depreciation": 559000000,
        "fuelcosts": 512000000,
        "equipmentandotherrents": 230000000,
        "othercostandexpenseoperating": 231000000,
        "operatingexpenses": 3112000000,
        "operatingincomeloss": 2100000000,
        "othernonoperatingincomeexpense": 56000000,
        "interestexpense": 278000000,
        "incomelossfromcontinuingoperationsbeforeincometaxesminorityinterestandincomelossfromequitymethodinvestments": 1878000000,
        "incometaxexpensebenefit": 475000000,
        "netincomeloss": 1403000000,
        "earningspersharebasic": 2.0199999999999996,
        "earningspersharediluted": 2.01,
        "weightedaveragenumberofsharesoutstandingbasic": -1418100000,
        "weightedaveragenumberofdilutedsharesoutstanding": -1423300000,
        "othercomprehensiveincomelosspensionandotherpostretirementbenefitplansadjustmentnetoftax": -90000000,
        "othercomprehensiveincomelossforeigncurrencytransactionandtranslationadjustmentnetoftax": 10000000,
        "othercomprehensiveincomelossnetoftax": 0,
        "comprehensiveincomenetoftaxincludingportionattributabletononcontrollinginterest": 1352000000,
        "othercomprehensiveincomelosstax": -20000000
    },
    {
        "date": "2019-09-29",
        "symbol": "UNP",
        "period": "Q3",
        "revenuefromcontractwithcustomerexcludingassessedtax": 602000000,
        "revenues": 5516000000,
        "laborandrelatedexpense": 1134000000,
        "purchasedservicesandmaterial": 574000000,
        "depreciation": 557000000,
        "fuelcosts": 504000000,
        "equipmentandotherrents": 236000000,
        "othercostandexpenseoperating": 277000000,
        "operatingexpenses": 3282000000,
        "operatingincomeloss": 2234000000,
        "othernonoperatingincomeexpense": 53000000,
        "interestexpense": 266000000,
        "incomelossfromcontinuingoperationsbeforeincometaxesminorityinterestandincomelossfromequitymethodinvestments": 2021000000,
        "incometaxexpensebenefit": 466000000,
        "netincomeloss": 1555000000,
        "earningspersharebasic": 2.22,
        "earningspersharediluted": 2.22,
        "weightedaveragenumberofsharesoutstandingbasic": 699300000,
        "weightedaveragenumberofdilutedsharesoutstanding": 701900000,
        "othercomprehensiveincomelosspensionandotherpostretirementbenefitplansadjustmentnetoftax": -11000000,
        "othercomprehensiveincomelossforeigncurrencytransactionandtranslationadjustmentnetoftax": -18000000,
        "othercomprehensiveincomelossnetoftax": -18000000,
        "comprehensiveincomenetoftaxincludingportionattributabletononcontrollinginterest": 1548000000,
        "othercomprehensiveincomelosstax": 4000000
    },
    {
        "date": "2019-06-29",
        "symbol": "UNP",
        "period": "Q2",
        "revenuefromcontractwithcustomerexcludingassessedtax": 603000000,
        "revenues": 5596000000,
        "laborandrelatedexpense": 1145000000,
        "purchasedservicesandmaterial": 573000000,
        "depreciation": 551000000,
        "fuelcosts": 560000000,
        "equipmentandotherrents": 260000000,
        "othercostandexpenseoperating": 247000000,
        "operatingexpenses": 3336000000,
        "operatingincomeloss": 2260000000,
        "othernonoperatingincomeexpense": 57000000,
        "interestexpense": 259000000,
        "incomelossfromcontinuingoperationsbeforeincometaxesminorityinterestandincomelossfromequitymethodinvestments": 2058000000,
        "incometaxexpensebenefit": 488000000,
        "netincomeloss": 1570000000,
        "earningspersharebasic": 2.23,
        "earningspersharediluted": 2.22,
        "weightedaveragenumberofsharesoutstandingbasic": 705500000,
        "weightedaveragenumberofdilutedsharesoutstanding": 708000000,
        "othercomprehensiveincomelosspensionandotherpostretirementbenefitplansadjustmentnetoftax": 69000000,
        "othercomprehensiveincomelossforeigncurrencytransactionandtranslationadjustmentnetoftax": -2000000,
        "othercomprehensiveincomelossnetoftax": -2000000,
        "comprehensiveincomenetoftaxincludingportionattributabletononcontrollinginterest": 1650000000,
        "othercomprehensiveincomelosstax": 27000000
    },
    {
        "date": "2019-03-30",
        "symbol": "UNP",
        "period": "Q1",
        "revenuefromcontractwithcustomerexcludingassessedtax": 374000000,
        "revenues": 5384000000,
        "laborandrelatedexpense": 1205000000,
        "purchasedservicesandmaterial": 576000000,
        "depreciation": 549000000,
        "fuelcosts": 531000000,
        "equipmentandotherrents": 258000000,
        "othercostandexpenseoperating": 305000000,
        "operatingexpenses": 3424000000,
        "operatingincomeloss": 1960000000,
        "othernonoperatingincomeexpense": 77000000,
        "interestexpense": 247000000,
        "incomelossfromcontinuingoperationsbeforeincometaxesminorityinterestandincomelossfromequitymethodinvestments": 1790000000,
        "incometaxexpensebenefit": 399000000,
        "netincomeloss": 1391000000,
        "earningspersharebasic": 1.94,
        "earningspersharediluted": 1.93,
        "weightedaveragenumberofsharesoutstandingbasic": 716800000,
        "weightedaveragenumberofdilutedsharesoutstanding": 719500000,
        "othercomprehensiveincomelosspensionandotherpostretirementbenefitplansadjustmentnetoftax": -10000000,
        "othercomprehensiveincomelossforeigncurrencytransactionandtranslationadjustmentnetoftax": 27000000,
        "othercomprehensiveincomelossnetoftax": 37000000,
        "comprehensiveincomenetoftaxincludingportionattributabletononcontrollinginterest": 1428000000,
        "othercomprehensiveincomelosstax": 4000000
    },
    {
        "date": "2018-09-29",
        "symbol": "UNP",
        "period": "Q3",
        "revenuefromcontractwithcustomerexcludingassessedtax": 370000000,
        "revenues": 5928000000,
        "laborandrelatedexpense": 1262000000,
        "fuelcosts": 659000000,
        "purchasedservicesandmaterial": 632000000,
        "depreciation": 547000000,
        "equipmentandotherrents": 272000000,
        "othercostandexpenseoperating": 287000000,
        "operatingexpenses": 3659000000,
        "operatingincomeloss": 2269000000,
        "othernonoperatingincomeexpense": 48000000,
        "interestexpense": 241000000,
        "incomelossfromcontinuingoperationsbeforeincometaxesminorityinterestandincomelossfromequitymethodinvestments": 2076000000,
        "incometaxexpensebenefit": 483000000,
        "netincomeloss": 1593000000,
        "earningspersharebasic": 2.16,
        "earningspersharediluted": 2.15,
        "weightedaveragenumberofsharesoutstandingbasic": 737400000,
        "weightedaveragenumberofdilutedsharesoutstanding": 740900000,
        "commonstockdividendspersharedeclared": 0.8,
        "othercomprehensiveincomelosspensionandotherpostretirementbenefitplansadjustmentnetoftax": -19000000,
        "othercomprehensiveincomelossforeigncurrencytransactionandtranslationadjustmentnetoftax": 17000000,
        "othercomprehensiveincomelossnetoftax": 17000000,
        "comprehensiveincomenetoftaxincludingportionattributabletononcontrollinginterest": 1629000000,
        "othercomprehensiveincomelosstax": 7000000
    },
    {
        "date": "2018-06-29",
        "symbol": "UNP",
        "period": "Q2",
        "cargoandfreightrevenue": 1655000000,
        "othersalesrevenuenet": 355000000,
        "revenues": 5672000000,
        "laborandrelatedexpense": 1241000000,
        "fuelcosts": 643000000,
        "purchasedservicesandmaterial": 630000000,
        "depreciation": 546000000,
        "equipmentandotherrents": 265000000,
        "othercostandexpenseoperating": 248000000,
        "operatingexpenses": 3573000000,
        "operatingincomeloss": 2099000000,
        "othernonoperatingincomeexpense": 42000000,
        "interestexpense": 203000000,
        "incomelossfromcontinuingoperationsbeforeincometaxesminorityinterestandincomelossfromequitymethodinvestments": 1938000000,
        "incometaxexpensebenefit": 429000000,
        "netincomeloss": 1509000000,
        "earningspersharebasic": 1.98,
        "earningspersharediluted": 1.98,
        "weightedaveragenumberofsharesoutstandingbasic": 760500000,
        "weightedaveragenumberofdilutedsharesoutstanding": 763700000,
        "commonstockdividendspersharedeclared": 0.73,
        "othercomprehensiveincomelosspensionandotherpostretirementbenefitplansadjustmentnetoftax": -18000000,
        "othercomprehensiveincomelossforeigncurrencytransactionandtranslationadjustmentnetoftax": -24000000,
        "othercomprehensiveincomelossnetoftax": -6000000,
        "comprehensiveincomenetoftaxincludingportionattributabletononcontrollinginterest": 1503000000,
        "othercomprehensiveincomelosstax": 7000000
    },
    {
        "date": "2018-03-30",
        "symbol": "UNP",
        "period": "Q1",
        "cargoandfreightrevenue": 1511000000,
        "othersalesrevenuenet": 353000000,
        "revenues": 5475000000,
        "laborandrelatedexpense": 1273000000,
        "purchasedservicesandmaterial": 599000000,
        "fuelcosts": 589000000,
        "depreciation": 543000000,
        "equipmentandotherrents": 266000000,
        "othercostandexpenseoperating": 266000000,
        "operatingexpenses": 3536000000,
        "operatingincomeloss": 1939000000,
        "othernonoperatingincomeexpense": -42000000,
        "interestexpense": 186000000,
        "incomelossfromcontinuingoperationsbeforeincometaxesminorityinterestandincomelossfromequitymethodinvestments": 1711000000,
        "incometaxexpensebenefit": 401000000,
        "netincomeloss": 1310000000,
        "earningspersharebasic": 1.69,
        "earningspersharediluted": 1.68,
        "weightedaveragenumberofsharesoutstandingbasic": 776400000,
        "weightedaveragenumberofdilutedsharesoutstanding": 779600000,
        "commonstockdividendspersharedeclared": 0.73,
        "othercomprehensiveincomelosspensionandotherpostretirementbenefitplansadjustmentnetoftax": -19000000,
        "othercomprehensiveincomelossnetoftax": 19000000,
        "comprehensiveincomenetoftaxincludingportionattributabletononcontrollinginterest": 1329000000,
        "othercomprehensiveincomelosstax": 6000000
    },
    {
        "date": "2017-09-29",
        "symbol": "UNP",
        "period": "Q3",
        "cargoandfreightrevenue": 981000000,
        "othersalesrevenuenet": 358000000,
        "revenues": 5408000000,
        "laborandrelatedexpense": 1298000000,
        "purchasedservicesandmaterial": 615000000,
        "depreciation": 528000000,
        "fuelcosts": 450000000,
        "equipmentandotherrents": 275000000,
        "othercostandexpenseoperating": 230000000,
        "operatingexpenses": 3396000000,
        "operatingincomeloss": 2012000000,
        "othernonoperatingincomeexpense": 151000000,
        "interestexpense": 180000000,
        "incomelossfromcontinuingoperationsbeforeincometaxesminorityinterestandincomelossfromequitymethodinvestments": 1983000000,
        "incometaxexpensebenefit": 789000000,
        "netincomeloss": 1194000000,
        "earningspersharebasic": 1.5,
        "earningspersharediluted": 1.5,
        "weightedaveragenumberofsharesoutstandingbasic": 794500000,
        "weightedaveragenumberofdilutedsharesoutstanding": 797600000,
        "commonstockdividendspersharedeclared": 0.605,
        "othercomprehensiveincomelosspensionandotherpostretirementbenefitplansadjustmentnetoftax": -40000000,
        "othercomprehensiveincomelossforeigncurrencytransactionandtranslationadjustmentnetoftax": 9000000,
        "othercomprehensiveincomelossnetoftax": 49000000,
        "comprehensiveincomenetoftaxincludingportionattributabletononcontrollinginterest": 1243000000,
        "othercomprehensiveincomelosstax": 27000000
    },
    {
        "date": "2017-06-29",
        "symbol": "UNP",
        "period": "Q2",
        "cargoandfreightrevenue": 939000000,
        "othersalesrevenuenet": 344000000,
        "revenues": 5250000000,
        "laborandrelatedexpense": 1197000000,
        "purchasedservicesandmaterial": 597000000,
        "depreciation": 525000000,
        "fuelcosts": 434000000,
        "equipmentandotherrents": 273000000,
        "othercostandexpenseoperating": 219000000,
        "operatingexpenses": 3245000000,
        "operatingincomeloss": 2005000000,
        "othernonoperatingincomeexpense": 43000000,
        "interestexpense": 179000000,
        "incomelossfromcontinuingoperationsbeforeincometaxesminorityinterestandincomelossfromequitymethodinvestments": 1869000000,
        "incometaxexpensebenefit": 701000000,
        "netincomeloss": 1168000000,
        "earningspersharebasic": 1.45,
        "earningspersharediluted": 1.45,
        "weightedaveragenumberofsharesoutstandingbasic": 804100000,
        "weightedaveragenumberofdilutedsharesoutstanding": 807200000,
        "commonstockdividendspersharedeclared": 0.605,
        "othercomprehensiveincomelosspensionandotherpostretirementbenefitplansadjustmentnetoftax": -15000000,
        "othercomprehensiveincomelossforeigncurrencytransactionandtranslationadjustmentnetoftax": 16000000,
        "othercomprehensiveincomelossnetoftax": 31000000,
        "comprehensiveincomenetoftaxincludingportionattributabletononcontrollinginterest": 1199000000,
        "othercomprehensiveincomelosstax": 18000000
    },
    {
        "date": "2017-03-30",
        "symbol": "UNP",
        "period": "Q1",
        "cargoandfreightrevenue": 908000000,
        "othersalesrevenuenet": 338000000,
        "revenues": 5132000000,
        "laborandrelatedexpense": 1257000000,
        "purchasedservicesandmaterial": 566000000,
        "depreciation": 520000000,
        "fuelcosts": 460000000,
        "equipmentandotherrents": 276000000,
        "othercostandexpenseoperating": 260000000,
        "operatingexpenses": 3339000000,
        "operatingincomeloss": 1793000000,
        "othernonoperatingincomeexpense": 67000000,
        "interestexpense": 172000000,
        "incomelossfromcontinuingoperationsbeforeincometaxesminorityinterestandincomelossfromequitymethodinvestments": 1688000000,
        "incometaxexpensebenefit": 616000000,
        "netincomeloss": 1072000000,
        "earningspersharebasic": 1.32,
        "earningspersharediluted": 1.32,
        "weightedaveragenumberofsharesoutstandingbasic": 811500000,
        "weightedaveragenumberofdilutedsharesoutstanding": 814800000,
        "commonstockdividendspersharedeclared": 0.605,
        "othercomprehensiveincomelosspensionandotherpostretirementbenefitplansadjustmentnetoftax": -11000000,
        "othercomprehensiveincomelossforeigncurrencytransactionandtranslationadjustmentnetoftax": 9000000,
        "othercomprehensiveincomelossnetoftax": 20000000,
        "comprehensiveincomenetoftaxincludingportionattributabletononcontrollinginterest": 1092000000,
        "othercomprehensiveincomelosstax": 14000000
    },
    {
        "date": "2016-09-29",
        "symbol": "UNP",
        "period": "Q3",
        "cargoandfreightrevenue": 957000000,
        "othersalesrevenuenet": 337000000,
        "revenues": 5174000000,
        "laborandrelatedexpense": 1191000000,
        "purchasedservicesandmaterial": 566000000,
        "depreciation": 512000000,
        "fuelcosts": 392000000,
        "equipmentandotherrents": 282000000,
        "othercostandexpenseoperating": 271000000,
        "operatingexpenses": 3214000000,
        "operatingincomeloss": 1960000000,
        "othernonoperatingincomeexpense": 29000000,
        "interestexpense": 184000000,
        "incomelossfromcontinuingoperationsbeforeincometaxesminorityinterestandincomelossfromequitymethodinvestments": 1805000000,
        "incometaxexpensebenefit": 674000000,
        "netincomeloss": 1131000000,
        "earningspersharebasic": 1.36,
        "earningspersharediluted": 1.36,
        "weightedaveragenumberofsharesoutstandingbasic": 829000000,
        "weightedaveragenumberofdilutedsharesoutstanding": 832200000,
        "commonstockdividendspersharedeclared": 0.55,
        "othercomprehensiveincomelosspensionandotherpostretirementbenefitplansadjustmentnetoftax": -14000000,
        "othercomprehensiveincomelossforeigncurrencytransactionandtranslationadjustmentnetoftax": -1000000,
        "othercomprehensiveincomelossnetoftax": 13000000,
        "comprehensiveincomenetoftaxincludingportionattributabletononcontrollinginterest": 1144000000,
        "othercomprehensiveincomelosstax": 7000000
    },
    {
        "date": "2016-06-29",
        "symbol": "UNP",
        "period": "Q2",
        "cargoandfreightrevenue": 909000000,
        "othersalesrevenuenet": 340000000,
        "revenues": 4770000000,
        "laborandrelatedexpense": 1160000000,
        "purchasedservicesandmaterial": 570000000,
        "depreciation": 504000000,
        "fuelcosts": 346000000,
        "equipmentandotherrents": 286000000,
        "othercostandexpenseoperating": 244000000,
        "operatingexpenses": 3110000000,
        "operatingincomeloss": 1660000000,
        "othernonoperatingincomeexpense": 77000000,
        "interestexpense": 173000000,
        "incomelossfromcontinuingoperationsbeforeincometaxesminorityinterestandincomelossfromequitymethodinvestments": 1564000000,
        "incometaxexpensebenefit": 585000000,
        "netincomeloss": 979000000,
        "earningspersharebasic": 1.17,
        "earningspersharediluted": 1.17,
        "weightedaveragenumberofsharesoutstandingbasic": 837400000,
        "weightedaveragenumberofdilutedsharesoutstanding": 840100000,
        "commonstockdividendspersharedeclared": 0.55,
        "othercomprehensiveincomelosspensionandotherpostretirementbenefitplansadjustmentnetoftax": -13000000,
        "othercomprehensiveincomelossforeigncurrencytransactionandtranslationadjustmentnetoftax": -3000000,
        "othercomprehensiveincomelossnetoftax": 10000000,
        "comprehensiveincomenetoftaxincludingportionattributabletononcontrollinginterest": 989000000,
        "othercomprehensiveincomelosstax": 6000000
    },
    {
        "date": "2016-03-30",
        "symbol": "UNP",
        "period": "Q1",
        "cargoandfreightrevenue": 879000000,
        "othersalesrevenuenet": 327000000,
        "revenues": 4829000000,
        "laborandrelatedexpense": 1213000000,
        "purchasedservicesandmaterial": 569000000,
        "depreciation": 502000000,
        "fuelcosts": 320000000,
        "equipmentandotherrents": 289000000,
        "othercostandexpenseoperating": 249000000,
        "operatingexpenses": 3142000000,
        "operatingincomeloss": 1687000000,
        "othernonoperatingincomeexpense": 46000000,
        "interestexpense": 167000000,
        "incomelossfromcontinuingoperationsbeforeincometaxesminorityinterestandincomelossfromequitymethodinvestments": 1566000000,
        "incometaxexpensebenefit": 587000000,
        "netincomeloss": 979000000,
        "earningspersharebasic": 1.16,
        "earningspersharediluted": 1.16,
        "weightedaveragenumberofsharesoutstandingbasic": 844000000,
        "weightedaveragenumberofdilutedsharesoutstanding": 846700000,
        "commonstockdividendspersharedeclared": 0.55,
        "othercomprehensiveincomelosspensionandotherpostretirementbenefitplansadjustmentnetoftax": -8000000,
        "othercomprehensiveincomelossforeigncurrencytransactionandtranslationadjustmentnetoftax": -21000000,
        "othercomprehensiveincomelossnetoftax": -13000000,
        "comprehensiveincomenetoftaxincludingportionattributabletononcontrollinginterest": 966000000,
        "othercomprehensiveincomelosstax": -5000000
    },
    {
        "date": "2015-09-29",
        "symbol": "UNP",
        "period": "Q3",
        "cargoandfreightrevenue": 1047000000,
        "othersalesrevenuenet": 347000000,
        "revenues": 5562000000,
        "laborandrelatedexpense": 1267000000,
        "purchasedservicesandmaterial": 589000000,
        "fuelcosts": 484000000,
        "depreciation": 507000000,
        "equipmentandotherrents": 302000000,
        "othercostandexpenseoperating": 205000000,
        "operatingexpenses": 3354000000,
        "operatingincomeloss": 2208000000,
        "othernonoperatingincomeexpense": 30000000,
        "interestexpense": 157000000,
        "incomelossfromcontinuingoperationsbeforeincometaxesminorityinterestandincomelossfromequitymethodinvestments": 2081000000,
        "incometaxexpensebenefit": 781000000,
        "netincomeloss": 1300000000,
        "earningspersharebasic": 1.51,
        "earningspersharediluted": 1.5,
        "weightedaveragenumberofsharesoutstandingbasic": 862900000,
        "weightedaveragenumberofdilutedsharesoutstanding": 865800000,
        "commonstockdividendspersharedeclared": 0.55,
        "othercomprehensiveincomelosspensionandotherpostretirementbenefitplansadjustmentnetoftax": -17000000,
        "othercomprehensiveincomelossforeigncurrencytransactionandtranslationadjustmentnetoftax": -21000000,
        "othercomprehensiveincomelossnetoftax": -4000000,
        "comprehensiveincomenetoftaxincludingportionattributabletononcontrollinginterest": 1296000000,
        "othercomprehensiveincomelosstax": 3000000
    },
    {
        "date": "2015-06-29",
        "symbol": "UNP",
        "period": "Q2",
        "cargoandfreightrevenue": 1087000000,
        "othersalesrevenuenet": 361000000,
        "revenues": 5429000000,
        "laborandrelatedexpense": 1305000000,
        "purchasedservicesandmaterial": 600000000,
        "fuelcosts": 541000000,
        "depreciation": 497000000,
        "equipmentandotherrents": 312000000,
        "othercostandexpenseoperating": 225000000,
        "operatingexpenses": 3480000000,
        "operatingincomeloss": 1949000000,
        "othernonoperatingincomeexpense": 142000000,
        "interestexpense": 153000000,
        "incomelossfromcontinuingoperationsbeforeincometaxesminorityinterestandincomelossfromequitymethodinvestments": 1938000000,
        "incometaxexpensebenefit": 734000000,
        "netincomeloss": 1204000000,
        "earningspersharebasic": 1.38,
        "earningspersharediluted": 1.38,
        "weightedaveragenumberofsharesoutstandingbasic": 872200000,
        "weightedaveragenumberofdilutedsharesoutstanding": 875200000,
        "commonstockdividendspersharedeclared": 0.55,
        "othercomprehensiveincomelosspensionandotherpostretirementbenefitplansadjustmentnetoftax": -16000000,
        "othercomprehensiveincomelossforeigncurrencytransactionandtranslationadjustmentnetoftax": -6000000,
        "othercomprehensiveincomelossnetoftax": 10000000,
        "comprehensiveincomenetoftaxincludingportionattributabletononcontrollinginterest": 1214000000,
        "othercomprehensiveincomelosstax": -7000000
    },
    {
        "date": "2015-03-30",
        "symbol": "UNP",
        "period": "Q1",
        "cargoandfreightrevenue": 967000000,
        "othersalesrevenuenet": 363000000,
        "revenues": 5614000000,
        "laborandrelatedexpense": 1369000000,
        "purchasedservicesandmaterial": 643000000,
        "fuelcosts": 564000000,
        "depreciation": 491000000,
        "equipmentandotherrents": 311000000,
        "othercostandexpenseoperating": 259000000,
        "operatingexpenses": 3637000000,
        "operatingincomeloss": 1977000000,
        "othernonoperatingincomeexpense": 26000000,
        "interestexpense": 148000000,
        "incomelossfromcontinuingoperationsbeforeincometaxesminorityinterestandincomelossfromequitymethodinvestments": 1855000000,
        "incometaxexpensebenefit": 704000000,
        "netincomeloss": 1151000000,
        "earningspersharebasic": 1.31,
        "earningspersharediluted": 1.3,
        "weightedaveragenumberofsharesoutstandingbasic": 879300000,
        "weightedaveragenumberofdilutedsharesoutstanding": 882800000,
        "commonstockdividendspersharedeclared": 0.55,
        "othercomprehensiveincomelosspensionandotherpostretirementbenefitplansadjustmentnetoftax": -12000000,
        "othercomprehensiveincomelossforeigncurrencytransactionandtranslationadjustmentnetoftax": -20000000,
        "othercomprehensiveincomelossnetoftax": -8000000,
        "comprehensiveincomenetoftaxincludingportionattributabletononcontrollinginterest": 1143000000,
        "othercomprehensiveincomelosstax": 3000000
    },
    {
        "date": "2014-09-29",
        "symbol": "UNP",
        "period": "Q3",
        "cargoandfreightrevenue": 1181000000,
        "othersalesrevenuenet": 363000000,
        "revenues": 6182000000,
        "laborandrelatedexpense": 1287000000,
        "fuelcosts": 882000000,
        "purchasedservicesandmaterial": 650000000,
        "depreciation": 481000000,
        "equipmentandotherrents": 310000000,
        "othercostandexpenseoperating": 242000000,
        "operatingexpenses": 3852000000,
        "operatingincomeloss": 2330000000,
        "othernonoperatingincomeexpense": 20000000,
        "interestexpense": 144000000,
        "incomelossfromcontinuingoperationsbeforeincometaxesminorityinterestandincomelossfromequitymethodinvestments": 2206000000,
        "incometaxexpensebenefit": 836000000,
        "netincomeloss": 1370000000,
        "earningspersharebasic": 1.53,
        "earningspersharediluted": 1.53,
        "weightedaveragenumberofsharesoutstandingbasic": 893200000,
        "weightedaveragenumberofdilutedsharesoutstanding": 896900000,
        "commonstockdividendspersharecashpaid": 0.5,
        "othercomprehensiveincomelosstax": 3000000,
        "othercomprehensiveincomelosspensionandotherpostretirementbenefitplansadjustmentnetoftax": -11000000,
        "othercomprehensiveincomelossforeigncurrencytransactionandtranslationadjustmentnetoftax": -5000000,
        "othercomprehensiveincomelossnetoftax": 11000000,
        "comprehensiveincomenetoftaxincludingportionattributabletononcontrollinginterest": 1376000000
    },
    {
        "date": "2014-06-29",
        "symbol": "UNP",
        "period": "Q2",
        "cargoandfreightrevenue": 1150000000,
        "othersalesrevenuenet": 354000000,
        "revenues": 6015000000,
        "laborandrelatedexpense": 1246000000,
        "fuelcosts": 923000000,
        "purchasedservicesandmaterial": 636000000,
        "depreciation": 470000000,
        "equipmentandotherrents": 316000000,
        "othercostandexpenseoperating": 228000000,
        "operatingexpenses": 3819000000,
        "operatingincomeloss": 2196000000,
        "othernonoperatingincomeexpense": 22000000,
        "interestexpense": 138000000,
        "incomelossfromcontinuingoperationsbeforeincometaxesminorityinterestandincomelossfromequitymethodinvestments": 2080000000,
        "incometaxexpensebenefit": 789000000,
        "netincomeloss": 1291000000,
        "earningspersharebasic": 1.43,
        "earningspersharediluted": 1.43,
        "weightedaveragenumberofsharesoutstandingbasic": 901500000,
        "weightedaveragenumberofdilutedsharesoutstanding": 905000000,
        "commonstockdividendspersharecashpaid": 0.455,
        "othercomprehensiveincomelosstax": 12000000,
        "othercomprehensiveincomelosspensionandotherpostretirementbenefitplansadjustmentnetoftax": -11000000,
        "othercomprehensiveincomelossforeigncurrencytransactionandtranslationadjustmentnetoftax": 9000000,
        "othercomprehensiveincomelossnetoftax": 11000000,
        "comprehensiveincomenetoftaxincludingportionattributabletononcontrollinginterest": 1311000000
    },
    {
        "date": "2014-03-30",
        "symbol": "UNP",
        "period": "Q1",
        "cargoandfreightrevenue": 893000000,
        "othersalesrevenuenet": 352000000,
        "revenues": 5638000000,
        "laborandrelatedexpense": 1254000000,
        "fuelcosts": 921000000,
        "purchasedservicesandmaterial": 607000000,
        "depreciation": 464000000,
        "equipmentandotherrents": 312000000,
        "othercostandexpenseoperating": 226000000,
        "operatingexpenses": 3784000000,
        "operatingincomeloss": 1854000000,
        "othernonoperatingincomeexpense": 38000000,
        "interestexpense": 133000000,
        "incomelossfromcontinuingoperationsbeforeincometaxesminorityinterestandincomelossfromequitymethodinvestments": 1759000000,
        "incometaxexpensebenefit": 671000000,
        "netincomeloss": 1088000000,
        "earningspersharebasic": 2.4,
        "earningspersharediluted": 2.38,
        "weightedaveragenumberofsharesoutstandingbasic": 454100000,
        "weightedaveragenumberofdilutedsharesoutstanding": 456200000,
        "commonstockdividendspersharecashpaid": 0.91,
        "othercomprehensiveincomelosstax": 5000000,
        "othercomprehensiveincomelosspensionandotherpostretirementbenefitplansadjustmentnetoftax": -20000000,
        "othercomprehensiveincomelossforeigncurrencytransactionandtranslationadjustmentnetoftax": -4000000,
        "othercomprehensiveincomelossnetoftax": -4000000,
        "comprehensiveincomenetoftaxincludingportionattributabletononcontrollinginterest": 1104000000
    },
    {
        "date": "2013-09-29",
        "symbol": "UNP",
        "period": "Q3",
        "cargoandfreightrevenue": 1027000000,
        "othersalesrevenuenet": 323000000,
        "revenues": 5573000000,
        "laborandrelatedexpense": 1196000000,
        "fuelcosts": 866000000,
        "purchasedservicesandmaterial": 588000000,
        "depreciation": 447000000,
        "equipmentandotherrents": 309000000,
        "othercostandexpenseoperating": 205000000,
        "operatingexpenses": 3611000000,
        "operatingincomeloss": 1962000000,
        "othernonoperatingincomeexpense": 28000000,
        "interestexpense": 138000000,
        "incomelossfromcontinuingoperationsbeforeincometaxesminorityinterestandincomelossfromequitymethodinvestments": 1852000000,
        "incometaxexpensebenefit": 701000000,
        "netincomeloss": 1151000000,
        "earningspersharebasic": 2.49,
        "earningspersharediluted": 2.48,
        "weightedaveragenumberofsharesoutstandingbasic": 461700000,
        "weightedaveragenumberofdilutedsharesoutstanding": 464200000,
        "commonstockdividendspersharecashpaid": 0.79,
        "othercomprehensiveincomelosstax": 3000000,
        "othercomprehensiveincomelosspensionandotherpostretirementbenefitplansadjustmentnetoftax": -17000000,
        "othercomprehensiveincomelossforeigncurrencytransactionandtranslationadjustmentnetoftax": -12000000,
        "othercomprehensiveincomelossnetoftax": 17000000,
        "comprehensiveincomenetoftaxincludingportionattributabletononcontrollinginterest": 1156000000
    },
    {
        "date": "2013-06-29",
        "symbol": "UNP",
        "period": "Q2",
        "cargoandfreightrevenue": 993000000,
        "othersalesrevenuenet": 317000000,
        "revenues": 5470000000,
        "laborandrelatedexpense": 1185000000,
        "fuelcosts": 863000000,
        "purchasedservicesandmaterial": 585000000,
        "depreciation": 438000000,
        "equipmentandotherrents": 302000000,
        "othercostandexpenseoperating": 219000000,
        "operatingexpenses": 3592000000,
        "operatingincomeloss": 1878000000,
        "othernonoperatingincomeexpense": 23000000,
        "interestexpense": 133000000,
        "incomelossfromcontinuingoperationsbeforeincometaxesminorityinterestandincomelossfromequitymethodinvestments": 1768000000,
        "incometaxexpensebenefit": 662000000,
        "netincomeloss": 1106000000,
        "earningspersharebasic": 2.38,
        "earningspersharediluted": 2.37,
        "weightedaveragenumberofsharesoutstandingbasic": 465300000,
        "weightedaveragenumberofdilutedsharesoutstanding": 467600000,
        "commonstockdividendspersharecashpaid": 0.69,
        "othercomprehensiveincomelosstax": 13000000,
        "othercomprehensiveincomelosspensionandotherpostretirementbenefitplansadjustmentnetoftax": -17000000,
        "othercomprehensiveincomelossforeigncurrencytransactionandtranslationadjustmentnetoftax": 4000000,
        "othercomprehensiveincomelossnetoftax": 17000000,
        "comprehensiveincomenetoftaxincludingportionattributabletononcontrollinginterest": 1127000000
    },
    {
        "date": "2013-03-30",
        "symbol": "UNP",
        "period": "Q1",
        "cargoandfreightrevenue": 873000000,
        "othersalesrevenuenet": 306000000,
        "revenues": 5290000000,
        "laborandrelatedexpense": 1216000000,
        "fuelcosts": 900000000,
        "purchasedservicesandmaterial": 557000000,
        "depreciation": 434000000,
        "equipmentandotherrents": 313000000,
        "othercostandexpenseoperating": 237000000,
        "operatingexpenses": 3657000000,
        "operatingincomeloss": 1633000000,
        "othernonoperatingincomeexpense": 40000000,
        "interestexpense": 128000000,
        "incomelossfromcontinuingoperationsbeforeincometaxesminorityinterestandincomelossfromequitymethodinvestments": 1545000000,
        "incometaxexpensebenefit": 588000000,
        "netincomeloss": 957000000,
        "earningspersharebasic": 2.05,
        "earningspersharediluted": 2.03,
        "weightedaveragenumberofsharesoutstandingbasic": 467800000,
        "weightedaveragenumberofdilutedsharesoutstanding": 470500000,
        "commonstockdividendspersharecashpaid": 0.69,
        "othercomprehensiveincomelosstax": 12000000,
        "othercomprehensiveincomelosspensionandotherpostretirementbenefitplansadjustmentnetoftax": -14000000,
        "othercomprehensiveincomelossforeigncurrencytransactionandtranslationadjustmentnetoftax": 3000000,
        "othercomprehensiveincomelossnetoftax": 3000000,
        "comprehensiveincomenetoftaxincludingportionattributabletononcontrollinginterest": 974000000
    },
    {
        "date": "2012-09-29",
        "symbol": "UNP",
        "period": "Q3",
        "cargoandfreightrevenue": 1022000000,
        "othersalesrevenuenet": 324000000,
        "revenues": 5343000000,
        "laborandrelatedexpense": 1188000000,
        "fuelcosts": 880000000,
        "purchasedservicesandmaterial": 542000000,
        "depreciation": 447000000,
        "equipmentandotherrents": 300000000,
        "othercostandexpenseoperating": 200000000,
        "operatingexpenses": 3557000000,
        "operatingincomeloss": 1786000000,
        "othernonoperatingincomeexpense": 28000000,
        "interestexpense": 137000000,
        "incomelossfromcontinuingoperationsbeforeincometaxesminorityinterestandincomelossfromequitymethodinvestments": 1677000000,
        "incometaxexpensebenefit": 635000000,
        "netincomeloss": 1042000000,
        "earningspersharebasic": 2.21,
        "earningspersharediluted": 2.19,
        "weightedaveragenumberofsharesoutstandingbasic": 472000000,
        "weightedaveragenumberofdilutedsharesoutstanding": 475200000,
        "commonstockdividendspersharecashpaid": 0.6,
        "othercomprehensiveincomelosstax": 28000000,
        "othercomprehensiveincomelosspensionandotherpostretirementbenefitplansadjustmentnetoftax": -38000000,
        "othercomprehensiveincomelossforeigncurrencytransactionandtranslationadjustmentnetoftax": 8000000,
        "othercomprehensiveincomelossnetoftax": 46000000,
        "comprehensiveincomenetoftaxincludingportionattributabletononcontrollinginterest": 1088000000
    },
    {
        "date": "2012-06-29",
        "symbol": "UNP",
        "period": "Q2",
        "cargoandfreightrevenue": 1003000000,
        "othersalesrevenuenet": 308000000,
        "revenues": 5221000000,
        "laborandrelatedexpense": 1151000000,
        "fuelcosts": 882000000,
        "purchasedservicesandmaterial": 542000000,
        "depreciation": 433000000,
        "equipmentandotherrents": 299000000,
        "othercostandexpenseoperating": 190000000,
        "operatingexpenses": 3497000000,
        "operatingincomeloss": 1724000000,
        "othernonoperatingincomeexpense": 21000000,
        "interestexpense": 135000000,
        "incomelossfromcontinuingoperationsbeforeincometaxesminorityinterestandincomelossfromequitymethodinvestments": 1610000000,
        "incometaxexpensebenefit": 608000000,
        "netincomeloss": 1002000000,
        "earningspersharebasic": 2.11,
        "earningspersharediluted": 2.1,
        "weightedaveragenumberofsharesoutstandingbasic": 473800000,
        "weightedaveragenumberofdilutedsharesoutstanding": 477200000,
        "commonstockdividendspersharecashpaid": 0.6,
        "othercomprehensiveincomelosstax": -9000000,
        "othercomprehensiveincomelossforeigncurrencytransactionandtranslationadjustmentnetoftax": -15000000,
        "othercomprehensiveincomelossnetoftax": -15000000,
        "comprehensiveincomenetoftaxincludingportionattributabletononcontrollinginterest": 987000000
    },
    {
        "date": "2012-03-30",
        "symbol": "UNP",
        "period": "Q1",
        "cargoandfreightrevenue": 909000000,
        "othersalesrevenuenet": 289000000,
        "revenues": 5112000000,
        "laborandrelatedexpense": 1211000000,
        "fuelcosts": 926000000,
        "purchasedservicesandmaterial": 526000000,
        "depreciation": 427000000,
        "equipmentandotherrents": 296000000,
        "othercostandexpenseoperating": 216000000,
        "operatingexpenses": 3602000000,
        "operatingincomeloss": 1510000000,
        "othernonoperatingincomeexpense": 16000000,
        "interestexpense": 135000000,
        "incomelossfromcontinuingoperationsbeforeincometaxesminorityinterestandincomelossfromequitymethodinvestments": 1391000000,
        "incometaxexpensebenefit": 528000000,
        "netincomeloss": 863000000,
        "earningspersharebasic": 1.81,
        "earningspersharediluted": 1.79,
        "weightedaveragenumberofsharesoutstandingbasic": 477800000,
        "weightedaveragenumberofdilutedsharesoutstanding": 481400000,
        "commonstockdividendspersharecashpaid": 0.6,
        "othercomprehensiveincomelosstax": 8000000,
        "othercomprehensiveincomedefinedbenefitplansadjustmentnetoftaxperiodincreasedecrease": -7000000,
        "othercomprehensiveincomeforeigncurrencytransactionandtranslationadjustmentnetoftaxperiodincreasedecrease": 15000000,
        "othercomprehensiveincomelossnetoftaxperiodincreasedecrease": 8000000,
        "comprehensiveincomenetoftaxincludingportionattributabletononcontrollinginterest": 871000000
    },
    {
        "date": "2011-09-29",
        "symbol": "UNP",
        "period": "Q3",
        "cargoandfreightrevenue": 4836000000,
        "othersalesrevenuenet": 265000000,
        "revenues": 5101000000,
        "laborandrelatedexpense": 1193000000,
        "fuelcosts": 916000000,
        "purchasedservicesandmaterial": 506000000,
        "depreciation": 408000000,
        "equipmentandotherrents": 293000000,
        "othercostandexpenseoperating": 207000000,
        "operatingexpenses": 3523000000,
        "operatingincomeloss": 1578000000,
        "othernonoperatingincomeexpense": 17000000,
        "interestexpense": 142000000,
        "incomelossfromcontinuingoperationsbeforeincometaxesminorityinterestandincomelossfromequitymethodinvestments": 1453000000,
        "incometaxexpensebenefit": 549000000,
        "netincomeloss": 904000000,
        "earningspersharebasic": 1.87,
        "earningspersharediluted": 1.85,
        "weightedaveragenumberofsharesoutstandingbasic": 484200000,
        "weightedaveragenumberofdilutedsharesoutstanding": 488100000,
        "commonstockdividendspersharecashpaid": 0.475
    },
    {
        "date": "2011-06-29",
        "symbol": "UNP",
        "period": "Q2",
        "cargoandfreightrevenue": 4595000000,
        "othersalesrevenuenet": 263000000,
        "revenues": 4858000000,
        "laborandrelatedexpense": 1166000000,
        "fuelcosts": 904000000,
        "purchasedservicesandmaterial": 516000000,
        "depreciation": 401000000,
        "equipmentandotherrents": 283000000,
        "othercostandexpenseoperating": 196000000,
        "operatingexpenses": 3466000000,
        "operatingincomeloss": 1392000000,
        "othernonoperatingincomeexpense": 26000000,
        "interestexpense": 148000000,
        "incomelossfromcontinuingoperationsbeforeincometaxesminorityinterestandincomelossfromequitymethodinvestments": 1270000000,
        "incometaxexpensebenefit": 485000000,
        "netincomeloss": 785000000,
        "earningspersharebasic": 1.61,
        "earningspersharediluted": 1.59,
        "weightedaveragenumberofsharesoutstandingbasic": 488400000,
        "weightedaveragenumberofdilutedsharesoutstanding": 492400000,
        "commonstockdividendspersharecashpaid": 0.475
    },
    {
        "date": "2011-03-30",
        "symbol": "UNP",
        "period": "Q1",
        "cargoandfreightrevenue": 4248000000,
        "othersalesrevenuenet": 242000000,
        "revenues": 4490000000,
        "laborandrelatedexpense": 1167000000,
        "fuelcosts": 826000000,
        "purchasedservicesandmaterial": 475000000,
        "depreciation": 395000000,
        "equipmentandotherrents": 302000000,
        "othercostandexpenseoperating": 188000000,
        "operatingexpenses": 3353000000,
        "operatingincomeloss": 1137000000,
        "othernonoperatingincomeexpense": 15000000,
        "interestexpense": 141000000,
        "incomelossfromcontinuingoperationsbeforeincometaxesminorityinterestandincomelossfromequitymethodinvestments": 1011000000,
        "incometaxexpensebenefit": 372000000,
        "netincomeloss": 639000000,
        "earningspersharebasic": 1.31,
        "earningspersharediluted": 1.29,
        "weightedaveragenumberofsharesoutstandingbasic": 489600000,
        "weightedaveragenumberofdilutedsharesoutstanding": 494100000,
        "commonstockdividendspersharecashpaid": 0.38
    },
    {
        "date": "2010-09-29",
        "symbol": "UNP",
        "period": "Q3",
        "cargoandfreightrevenue": 4187000000,
        "othersalesrevenuenet": 221000000,
        "revenues": 4408000000,
        "laborandrelatedexpense": 1092000000,
        "fuelcosts": 608000000,
        "purchasedservicesandmaterial": 465000000,
        "depreciation": 372000000,
        "equipmentandotherrents": 292000000,
        "othercostandexpenseoperating": 178000000,
        "operatingexpenses": 3007000000,
        "operatingincomeloss": 1401000000,
        "othernonoperatingincomeexpense": 25000000,
        "interestexpense": 153000000,
        "incomelossfromcontinuingoperationsbeforeincometaxesminorityinterestandincomelossfromequitymethodinvestments": 1273000000,
        "incometaxexpensebenefit": 495000000,
        "netincomeloss": 778000000,
        "earningspersharebasic": 1.58,
        "earningspersharediluted": 1.56,
        "weightedaveragenumberofsharesoutstandingbasic": 493000000,
        "weightedaveragenumberofdilutedsharesoutstanding": 497700000,
        "commonstockdividendspersharecashpaid": 0.33
    },
    {
        "date": "2010-06-29",
        "symbol": "UNP",
        "period": "Q2",
        "cargoandfreightrevenue": 3956000000,
        "othersalesrevenuenet": 226000000,
        "revenues": 4182000000,
        "laborandrelatedexpense": 1051000000,
        "fuelcosts": 608000000,
        "purchasedservicesandmaterial": 472000000,
        "depreciation": 368000000,
        "equipmentandotherrents": 282000000,
        "othercostandexpenseoperating": 122000000,
        "operatingexpenses": 2903000000,
        "operatingincomeloss": 1279000000,
        "othernonoperatingincomeexpense": 19000000,
        "interestexpense": 152000000,
        "incomelossfromcontinuingoperationsbeforeincometaxesminorityinterestandincomelossfromequitymethodinvestments": 1146000000,
        "incometaxexpensebenefit": 435000000,
        "netincomeloss": 711000000,
        "earningspersharebasic": 1.42,
        "earningspersharediluted": 1.4,
        "weightedaveragenumberofsharesoutstandingbasic": 501800000,
        "weightedaveragenumberofdilutedsharesoutstanding": 506500000,
        "commonstockdividendspersharecashpaid": 0.33
    },
    {
        "date": "2010-03-30",
        "symbol": "UNP",
        "period": "Q1",
        "cargoandfreightrevenue": 3755000000,
        "othersalesrevenuenet": 210000000,
        "revenues": 3965000000,
        "laborandrelatedexpense": 1059000000,
        "fuelcosts": 583000000,
        "purchasedservicesandmaterial": 432000000,
        "depreciation": 367000000,
        "equipmentandotherrents": 290000000,
        "othercostandexpenseoperating": 246000000,
        "operatingexpenses": 2977000000,
        "operatingincomeloss": 988000000,
        "othernonoperatingincomeexpense": 1000000,
        "interestexpense": 155000000,
        "incomelossfromcontinuingoperationsbeforeincometaxesminorityinterestandincomelossfromequitymethodinvestments": 834000000,
        "incometaxexpensebenefit": 318000000,
        "netincomeloss": 516000000,
        "earningspersharebasic": 1.02,
        "earningspersharediluted": 1.01,
        "weightedaveragenumberofsharesoutstandingbasic": 504500000,
        "weightedaveragenumberofdilutedsharesoutstanding": 508700000,
        "commonstockdividendspersharecashpaid": 0.27
    },
    {
        "date": "2009-09-29",
        "symbol": "UNP",
        "period": "Q3",
        "cargoandfreightrevenue": 3471000000,
        "othersalesrevenuenet": 200000000,
        "revenues": 3671000000,
        "laborandrelatedexpense": 999000000,
        "fuelcosts": 466000000,
        "purchasedservicesandmaterial": 403000000,
        "depreciation": 367000000,
        "equipmentandotherrents": 290000000,
        "othercostandexpenseoperating": 179000000,
        "operatingexpenses": 2704000000,
        "operatingincomeloss": 967000000,
        "othernonoperatingincomeexpense": 14000000,
        "interestexpense": 156000000,
        "incomelossfromcontinuingoperationsbeforeincometaxesminorityinterestandincomelossfromequitymethodinvestments": 825000000,
        "incometaxexpensebenefit": 308000000,
        "netincomeloss": 517000000,
        "earningspersharebasic": 1.03,
        "earningspersharediluted": 1.02,
        "weightedaveragenumberofsharesoutstandingbasic": 503119000,
        "weightedaveragenumberofdilutedsharesoutstanding": 507007000,
        "commonstockdividendspersharecashpaid": 0.27
    },
    {
        "date": "2009-06-29",
        "symbol": "UNP",
        "period": "Q2",
        "cargoandfreightrevenue": 3121000000,
        "othersalesrevenuenet": 182000000,
        "revenues": 3303000000,
        "laborandrelatedexpense": 976000000,
        "purchasedservicesandmaterial": 391000000,
        "fuelcosts": 370000000,
        "depreciation": 355000000,
        "equipmentandotherrents": 307000000,
        "othercostandexpenseoperating": 153000000,
        "operatingexpenses": 2552000000,
        "operatingincomeloss": 751000000,
        "othernonoperatingincomeexpense": 135000000,
        "interestexpense": 150000000,
        "incomelossfromcontinuingoperationsbeforeincometaxesminorityinterestandincomelossfromequitymethodinvestments": 736000000,
        "incometaxexpensebenefit": 268000000,
        "netincomeloss": 468000000,
        "earningspersharebasic": 0.93,
        "earningspersharediluted": 0.92,
        "weightedaveragenumberofsharesoutstandingbasic": 502904000,
        "weightedaveragenumberofdilutedsharesoutstanding": 505338000,
        "commonstockdividendspersharecashpaid": 0.27
    }
]