[
    {
        "date": "2024-09-29",
        "symbol": "BLDR",
        "period": "Q3",
        "revenuefromcontractwithcustomerexcludingassessedtax": 4232494000,
        "costofgoodsandservicessold": 2846161000,
        "grossprofit": 1386333000,
        "sellinggeneralandadministrativeexpense": 958310000,
        "operatingincomeloss": 428023000,
        "interestincomeexpensenonoperatingnet": -54263000,
        "incomelossfromcontinuingoperationsbeforeincometaxesextraordinaryitemsnoncontrollinginterest": 373760000,
        "incometaxexpensebenefit": 88977000,
        "netincomeloss": 284783000,
        "earningspersharebasic": 2.45,
        "earningspersharediluted": 2.44,
        "weightedaveragenumberofsharesoutstandingbasic": 116176000,
        "weightedaveragenumberofdilutedsharesoutstanding": 116940000
    },
    {
        "date": "2024-03-30",
        "symbol": "BLDR",
        "period": "Q1",
        "revenuefromcontractwithcustomerexcludingassessedtax": 3891352000,
        "costofgoodsandservicessold": 2591498000,
        "grossprofit": 1299854000,
        "sellinggeneralandadministrativeexpense": 926257000,
        "operatingincomeloss": 373597000,
        "interestincomeexpensenonoperatingnet": -48336000,
        "incomelossfromcontinuingoperationsbeforeincometaxesextraordinaryitemsnoncontrollinginterest": 325261000,
        "incometaxexpensebenefit": 66480000,
        "netincomeloss": 258781000,
        "earningspersharebasic": 2.12,
        "earningspersharediluted": 2.1,
        "weightedaveragenumberofsharesoutstandingbasic": 121972000,
        "weightedaveragenumberofdilutedsharesoutstanding": 123371000
    },
    {
        "date": "2023-12-30",
        "symbol": "BLDR",
        "period": "Q4",
        "revenuefromcontractwithcustomerexcludingassessedtax": 7603172000,
        "costofgoodsandservicessold": 2685976000,
        "grossprofit": 1464886000,
        "sellinggeneralandadministrativeexpense": 974450000,
        "operatingincomeloss": 490436000,
        "interestincomeexpensenonoperatingnet": -46798000,
        "incomelossfromcontinuingoperationsbeforeincometaxesextraordinaryitemsnoncontrollinginterest": 443638000,
        "incometaxexpensebenefit": 92945000,
        "netincomeloss": 350693000,
        "earningspersharebasic": 2.810000000000002,
        "earningspersharediluted": 2.7799999999999994,
        "weightedaveragenumberofsharesoutstandingbasic": 127777000,
        "weightedaveragenumberofdilutedsharesoutstanding": 128998000
    },
    {
        "date": "2023-09-29",
        "symbol": "BLDR",
        "period": "Q3",
        "revenuefromcontractwithcustomerexcludingassessedtax": 4534264000,
        "costofgoodsandservicessold": 2953162000,
        "grossprofit": 1581102000,
        "sellinggeneralandadministrativeexpense": 939474000,
        "operatingincomeloss": 641628000,
        "interestincomeexpensenonoperatingnet": -50193000,
        "incomelossfromcontinuingoperationsbeforeincometaxesextraordinaryitemsnoncontrollinginterest": 591435000,
        "incometaxexpensebenefit": 139978000,
        "netincomeloss": 451457000,
        "earningspersharebasic": 3.62,
        "earningspersharediluted": 3.59,
        "weightedaveragenumberofsharesoutstandingbasic": 124577000,
        "weightedaveragenumberofdilutedsharesoutstanding": 125792000
    },
    {
        "date": "2023-06-29",
        "symbol": "BLDR",
        "period": "Q2",
        "revenuefromcontractwithcustomerexcludingassessedtax": 1076580000,
        "costofgoodsandservicessold": 2933944000,
        "grossprofit": 1594946000,
        "sellinggeneralandadministrativeexpense": 1017874000,
        "operatingincomeloss": 577072000,
        "interestincomeexpensenonoperatingnet": -53016000,
        "incomelossfromcontinuingoperationsbeforeincometaxesextraordinaryitemsnoncontrollinginterest": 524056000,
        "incometaxexpensebenefit": 119437000,
        "netincomeloss": 404619000,
        "earningspersharebasic": 3.19,
        "earningspersharediluted": 3.16,
        "weightedaveragenumberofsharesoutstandingbasic": 126977000,
        "weightedaveragenumberofdilutedsharesoutstanding": 128066000
    },
    {
        "date": "2023-03-30",
        "symbol": "BLDR",
        "period": "Q1",
        "revenuefromcontractwithcustomerexcludingassessedtax": 3883314000,
        "costofgoodsandservicessold": 2511914000,
        "grossprofit": 1371400000,
        "sellinggeneralandadministrativeexpense": 904217000,
        "operatingincomeloss": 467183000,
        "interestincomeexpensenonoperatingnet": -42108000,
        "incomelossfromcontinuingoperationsbeforeincometaxesextraordinaryitemsnoncontrollinginterest": 425075000,
        "incometaxexpensebenefit": 91289000,
        "netincomeloss": 333786000,
        "earningspersharebasic": 2.44,
        "earningspersharediluted": 2.41,
        "weightedaveragenumberofsharesoutstandingbasic": 137074000,
        "weightedaveragenumberofdilutedsharesoutstanding": 138412000
    },
    {
        "date": "2022-12-30",
        "symbol": "BLDR",
        "period": "Q4",
        "revenuefromcontractwithcustomerexcludingassessedtax": 4357565000,
        "costofgoodsandservicessold": 2872438000,
        "grossprofit": 1485127000,
        "sellinggeneralandadministrativeexpense": 959122000,
        "operatingincomeloss": 526005000,
        "interestincomeexpensenonoperatingnet": -42233000,
        "incomelossfromcontinuingoperationsbeforeincometaxesextraordinaryitemsnoncontrollinginterest": 483772000,
        "incometaxexpensebenefit": 99259000,
        "netincomeloss": 384513000,
        "earningspersharebasic": 2.8300000000000005,
        "earningspersharediluted": 2.7900000000000014,
        "weightedaveragenumberofsharesoutstandingbasic": -340847000,
        "weightedaveragenumberofdilutedsharesoutstanding": -344107000
    },
    {
        "date": "2022-09-29",
        "symbol": "BLDR",
        "period": "Q3",
        "revenuefromcontractwithcustomerexcludingassessedtax": 5761463000,
        "costofgoodsandservicessold": 3746731000,
        "grossprofit": 2014732000,
        "sellinggeneralandadministrativeexpense": 1000204000,
        "operatingincomeloss": 1014528000,
        "interestincomeexpensenonoperatingnet": -44111000,
        "incomelossfromcontinuingoperationsbeforeincometaxesextraordinaryitemsnoncontrollinginterest": 970417000,
        "incometaxexpensebenefit": 232410000,
        "netincomeloss": 738007000,
        "earningspersharebasic": 4.75,
        "earningspersharediluted": 4.72,
        "weightedaveragenumberofsharesoutstandingbasic": 155309000,
        "weightedaveragenumberofdilutedsharesoutstanding": 156493000
    },
    {
        "date": "2022-06-29",
        "symbol": "BLDR",
        "period": "Q2",
        "revenuefromcontractwithcustomerexcludingassessedtax": 6926259000,
        "costofgoodsandservicessold": 4514112000,
        "grossprofit": 2412147000,
        "sellinggeneralandadministrativeexpense": 1046279000,
        "operatingincomeloss": 1365868000,
        "interestincomeexpensenonoperatingnet": -70715000,
        "incomelossfromcontinuingoperationsbeforeincometaxesextraordinaryitemsnoncontrollinginterest": 1295153000,
        "incometaxexpensebenefit": 307944000,
        "netincomeloss": 987209000,
        "earningspersharebasic": 5.79,
        "earningspersharediluted": 5.75,
        "weightedaveragenumberofsharesoutstandingbasic": 170378000,
        "weightedaveragenumberofdilutedsharesoutstanding": 171549000
    },
    {
        "date": "2022-03-30",
        "symbol": "BLDR",
        "period": "Q1",
        "revenuefromcontractwithcustomerexcludingassessedtax": 5681131000,
        "costofgoodsandservicessold": 3848758000,
        "grossprofit": 1832373000,
        "sellinggeneralandadministrativeexpense": 968568000,
        "operatingincomeloss": 863805000,
        "interestincomeexpensenonoperatingnet": -41314000,
        "incomelossfromcontinuingoperationsbeforeincometaxesextraordinaryitemsnoncontrollinginterest": 822491000,
        "incometaxexpensebenefit": 182851000,
        "netincomeloss": 639640000,
        "earningspersharebasic": 3.61,
        "earningspersharediluted": 3.56,
        "weightedaveragenumberofsharesoutstandingbasic": 177120000,
        "weightedaveragenumberofdilutedsharesoutstanding": 179546000
    },
    {
        "date": "2021-12-30",
        "symbol": "BLDR",
        "period": "Q4",
        "revenuefromcontractwithcustomerexcludingassessedtax": 4634809000,
        "costofgoodsandservicessold": 3149010000,
        "grossprofit": 1485799000,
        "sellinggeneralandadministrativeexpense": 864009000,
        "operatingincomeloss": 621790000,
        "interestincomeexpensenonoperatingnet": -40284000,
        "incomelossfromcontinuingoperationsbeforeincometaxesextraordinaryitemsnoncontrollinginterest": 581506000,
        "incometaxexpensebenefit": 139050000,
        "netincomeloss": 442456000,
        "earningspersharebasic": 2.310000000000001,
        "earningspersharediluted": 2.28,
        "weightedaveragenumberofsharesoutstandingbasic": -416114000,
        "weightedaveragenumberofdilutedsharesoutstanding": -419102000
    },
    {
        "date": "2021-09-29",
        "symbol": "BLDR",
        "period": "Q3",
        "revenuefromcontractwithcustomerexcludingassessedtax": 5508590000,
        "costofgoodsandservicessold": 3796138000,
        "grossprofit": 1712452000,
        "sellinggeneralandadministrativeexpense": 875012000,
        "operatingincomeloss": 837440000,
        "interestincomeexpensenonoperatingnet": -35954000,
        "incomelossfromcontinuingoperationsbeforeincometaxesextraordinaryitemsnoncontrollinginterest": 801486000,
        "incometaxexpensebenefit": 188341000,
        "netincomeloss": 613145000,
        "earningspersharebasic": 3,
        "earningspersharediluted": 2.98,
        "weightedaveragenumberofsharesoutstandingbasic": 204268000,
        "weightedaveragenumberofdilutedsharesoutstanding": 205630000
    },
    {
        "date": "2021-06-29",
        "symbol": "BLDR",
        "period": "Q2",
        "revenuefromcontractwithcustomerexcludingassessedtax": 5576682000,
        "costofgoodsandservicessold": 3993531000,
        "grossprofit": 1583151000,
        "sellinggeneralandadministrativeexpense": 902913000,
        "operatingincomeloss": 680238000,
        "interestincomeexpensenonoperatingnet": -27795000,
        "incomelossfromcontinuingoperationsbeforeincometaxesextraordinaryitemsnoncontrollinginterest": 652443000,
        "incometaxexpensebenefit": 155208000,
        "netincomeloss": 497235000,
        "earningspersharebasic": 2.4,
        "earningspersharediluted": 2.39,
        "weightedaveragenumberofsharesoutstandingbasic": 207114000,
        "weightedaveragenumberofdilutedsharesoutstanding": 208318000
    },
    {
        "date": "2021-03-30",
        "symbol": "BLDR",
        "period": "Q1",
        "revenuefromcontractwithcustomerexcludingassessedtax": 4173775000,
        "costofgoodsandservicessold": 3104221000,
        "grossprofit": 1069554000,
        "sellinggeneralandadministrativeexpense": 821598000,
        "operatingincomeloss": 247956000,
        "interestincomeexpensenonoperatingnet": -31844000,
        "incomelossfromcontinuingoperationsbeforeincometaxesextraordinaryitemsnoncontrollinginterest": 216112000,
        "incometaxexpensebenefit": 43532000,
        "netincomeloss": 172580000,
        "earningspersharebasic": 0.84,
        "earningspersharediluted": 0.83,
        "weightedaveragenumberofsharesoutstandingbasic": 206571000,
        "weightedaveragenumberofdilutedsharesoutstanding": 208624000
    },
    {
        "date": "2020-12-30",
        "symbol": "BLDR",
        "period": "Q4",
        "revenuefromcontractwithcustomerexcludingassessedtax": 2530760000,
        "costofgoodsandservicessold": 1861572000,
        "grossprofit": 669188000,
        "sellinggeneralandadministrativeexpense": 455294000,
        "operatingincomeloss": 213894000,
        "interestincomeexpensenonoperatingnet": -28902000,
        "incomelossfromcontinuingoperationsbeforeincometaxesextraordinaryitemsnoncontrollinginterest": 184992000,
        "incometaxexpensebenefit": 45078000,
        "netincomeloss": 139914000,
        "comprehensiveincomenetoftax": 139914000,
        "earningspersharebasic": 1.19,
        "earningspersharediluted": 1.1900000000000002,
        "weightedaveragenumberofsharesoutstandingbasic": -233012000,
        "weightedaveragenumberofdilutedsharesoutstanding": -235150000
    },
    {
        "date": "2020-09-29",
        "symbol": "BLDR",
        "period": "Q3",
        "revenuefromcontractwithcustomerexcludingassessedtax": 2295450000,
        "costofgoodsandservicessold": 1724799000,
        "grossprofit": 570651000,
        "sellinggeneralandadministrativeexpense": 430893000,
        "operatingincomeloss": 139758000,
        "interestincomeexpensenonoperatingnet": -28043000,
        "incomelossfromcontinuingoperationsbeforeincometaxesextraordinaryitemsnoncontrollinginterest": 111715000,
        "incometaxexpensebenefit": 25783000,
        "netincomeloss": 85932000,
        "comprehensiveincomenetoftax": 85932000,
        "earningspersharebasic": 0.74,
        "earningspersharediluted": 0.73,
        "weightedaveragenumberofsharesoutstandingbasic": 116731000,
        "weightedaveragenumberofdilutedsharesoutstanding": 118026000
    },
    {
        "date": "2020-06-29",
        "symbol": "BLDR",
        "period": "Q2",
        "revenuefromcontractwithcustomerexcludingassessedtax": 1945643000,
        "costofgoodsandservicessold": 1428311000,
        "grossprofit": 517332000,
        "sellinggeneralandadministrativeexpense": 388077000,
        "operatingincomeloss": 129255000,
        "interestincomeexpensenonoperatingnet": -26812000,
        "incomelossfromcontinuingoperationsbeforeincometaxesextraordinaryitemsnoncontrollinginterest": 102443000,
        "incometaxexpensebenefit": 23519000,
        "netincomeloss": 78924000,
        "comprehensiveincomenetoftax": 78924000,
        "earningspersharebasic": 0.68,
        "earningspersharediluted": 0.67,
        "weightedaveragenumberofsharesoutstandingbasic": 116634000,
        "weightedaveragenumberofdilutedsharesoutstanding": 117547000
    },
    {
        "date": "2020-03-30",
        "symbol": "BLDR",
        "period": "Q1",
        "revenuefromcontractwithcustomerexcludingassessedtax": 1787021000,
        "costofgoodsandservicessold": 1321608000,
        "grossprofit": 465413000,
        "sellinggeneralandadministrativeexpense": 404466000,
        "operatingincomeloss": 60947000,
        "interestincomeexpensenonoperatingnet": -51931000,
        "incomelossfromcontinuingoperationsbeforeincometaxesextraordinaryitemsnoncontrollinginterest": 9016000,
        "incometaxexpensebenefit": 249000,
        "netincomeloss": 8767000,
        "comprehensiveincomenetoftax": 8767000,
        "earningspersharebasic": 0.08,
        "earningspersharediluted": 0.07,
        "weightedaveragenumberofsharesoutstandingbasic": 116258000,
        "weightedaveragenumberofdilutedsharesoutstanding": 117494000
    },
    {
        "date": "2019-12-30",
        "symbol": "BLDR",
        "period": "Q4",
        "revenuefromcontractwithcustomerexcludingassessedtax": 3343901000,
        "costofgoodsandservicessold": 1287017000,
        "grossprofit": 476556000,
        "sellinggeneralandadministrativeexpense": 401418000,
        "operatingincomeloss": 75138000,
        "interestincomeexpensenonoperatingnet": -53099000,
        "incomelossfromcontinuingoperationsbeforeincometaxesextraordinaryitemsnoncontrollinginterest": 98788000,
        "incometaxexpensebenefit": 6291000,
        "netincomeloss": 41367000,
        "comprehensiveincomenetoftax": 41367000,
        "earningspersharebasic": 0.3499999999999998,
        "earningspersharediluted": 0.35000000000000003,
        "weightedaveragenumberofsharesoutstandingbasic": -231201000,
        "weightedaveragenumberofdilutedsharesoutstanding": -233579000
    },
    {
        "date": "2019-09-29",
        "symbol": "BLDR",
        "period": "Q3",
        "revenuefromcontractwithcustomerexcludingassessedtax": 1981035000,
        "costofgoodsandservicessold": 1439893000,
        "grossprofit": 541142000,
        "sellinggeneralandadministrativeexpense": 411510000,
        "operatingincomeloss": 129632000,
        "interestincomeexpensenonoperatingnet": -27788000,
        "incomelossfromcontinuingoperationsbeforeincometaxesextraordinaryitemsnoncontrollinginterest": 101844000,
        "incometaxexpensebenefit": 23714000,
        "netincomeloss": 78130000,
        "comprehensiveincomenetoftax": 78130000,
        "earningspersharebasic": 0.68,
        "earningspersharediluted": 0.67,
        "weightedaveragenumberofsharesoutstandingbasic": 115732000,
        "weightedaveragenumberofdilutedsharesoutstanding": 117154000
    },
    {
        "date": "2019-06-29",
        "symbol": "BLDR",
        "period": "Q2",
        "revenuefromcontractwithcustomerexcludingassessedtax": 1904523000,
        "costofgoodsandservicessold": 1387367000,
        "grossprofit": 517156000,
        "sellinggeneralandadministrativeexpense": 401511000,
        "operatingincomeloss": 115645000,
        "interestincomeexpensenonoperatingnet": -29382000,
        "incomelossfromcontinuingoperationsbeforeincometaxesextraordinaryitemsnoncontrollinginterest": 86263000,
        "incometaxexpensebenefit": 19659000,
        "netincomeloss": 66604000,
        "comprehensiveincomenetoftax": 66604000,
        "earningspersharebasic": 0.58,
        "earningspersharediluted": 0.57,
        "weightedaveragenumberofsharesoutstandingbasic": 115757000,
        "weightedaveragenumberofdilutedsharesoutstanding": 116919000
    },
    {
        "date": "2019-03-30",
        "symbol": "BLDR",
        "period": "Q1",
        "revenuefromcontractwithcustomerexcludingassessedtax": 50972000,
        "costofgoodsandservicessold": 1189325000,
        "grossprofit": 441975000,
        "sellinggeneralandadministrativeexpense": 370084000,
        "operatingincomeloss": 71891000,
        "interestincomeexpensenonoperatingnet": 718000,
        "incomelossfromcontinuingoperationsbeforeincometaxesextraordinaryitemsnoncontrollinginterest": -4140000,
        "incometaxexpensebenefit": 11282000,
        "netincomeloss": 35708000,
        "comprehensiveincomenetoftax": 35708000,
        "earningspersharebasic": 0.31,
        "earningspersharediluted": 0.31,
        "weightedaveragenumberofsharesoutstandingbasic": 115425000,
        "weightedaveragenumberofdilutedsharesoutstanding": 116531000
    },
    {
        "date": "2018-09-29",
        "symbol": "BLDR",
        "period": "Q3",
        "revenuefromcontractwithcustomerexcludingassessedtax": 43632000,
        "costofgoodsandservicessold": 1595686000,
        "grossprofit": 522781000,
        "sellinggeneralandadministrativeexpense": 400993000,
        "operatingincomeloss": 121788000,
        "interestincomeexpensenonoperatingnet": 3006000,
        "incomelossfromcontinuingoperationsbeforeincometaxesextraordinaryitemsnoncontrollinginterest": -12530000,
        "incometaxexpensebenefit": 19354000,
        "netincomeloss": 73328000,
        "comprehensiveincomenetoftax": 73328000,
        "earningspersharebasic": 0.64,
        "earningspersharediluted": 0.63,
        "weightedaveragenumberofsharesoutstandingbasic": 114707000,
        "weightedaveragenumberofdilutedsharesoutstanding": 116456000
    },
    {
        "date": "2018-06-29",
        "symbol": "BLDR",
        "period": "Q2",
        "revenuefromcontractwithcustomerexcludingassessedtax": 45585000,
        "costofgoodsandservicessold": 1593560000,
        "grossprofit": 496328000,
        "sellinggeneralandadministrativeexpense": 391769000,
        "operatingincomeloss": 104559000,
        "interestexpense": -1582000,
        "incomelossfromcontinuingoperationsbeforeincometaxesextraordinaryitemsnoncontrollinginterest": -14656000,
        "incometaxexpensebenefit": 18980000,
        "profitloss": 56622000,
        "comprehensiveincomenetoftax": 56622000,
        "earningspersharebasic": 0.49,
        "earningspersharediluted": 0.49,
        "weightedaveragenumberofsharesoutstandingbasic": 114636000,
        "weightedaveragenumberofdilutedsharesoutstanding": 116693000
    },
    {
        "date": "2018-03-30",
        "symbol": "BLDR",
        "period": "Q1",
        "salesrevenuenet": 35560000,
        "costofgoodsandservicessold": 1289384000,
        "grossprofit": 411052000,
        "sellinggeneralandadministrativeexpense": 358908000,
        "operatingincomeloss": 52144000,
        "interestexpense": 422000,
        "incomelossfromcontinuingoperationsbeforeincometaxesextraordinaryitemsnoncontrollinginterest": -12129000,
        "incometaxexpensebenefit": 2182000,
        "netincomeloss": 23220000,
        "comprehensiveincomenetoftax": 23220000,
        "earningspersharebasic": 0.2,
        "earningspersharediluted": 0.2,
        "weightedaveragenumberofsharesoutstandingbasic": 114090000,
        "weightedaveragenumberofdilutedsharesoutstanding": 116696000
    },
    {
        "date": "2017-09-29",
        "symbol": "BLDR",
        "period": "Q3",
        "salesrevenuenet": 201503000,
        "costofgoodsandservicessold": 1419587000,
        "grossprofit": 459322000,
        "sellinggeneralandadministrativeexpense": 370638000,
        "operatingincomeloss": 88684000,
        "interestexpense": 7837000,
        "incomelossfromcontinuingoperationsbeforeincometaxesextraordinaryitemsnoncontrollinginterest": -23408000,
        "incometaxexpensebenefit": 15098000,
        "netincomeloss": 39750000,
        "comprehensiveincomenetoftax": 39750000,
        "earningspersharebasic": 0.35,
        "earningspersharediluted": 0.34,
        "weightedaveragenumberofsharesoutstandingbasic": 112688000,
        "weightedaveragenumberofdilutedsharesoutstanding": 115871000
    },
    {
        "date": "2017-06-29",
        "symbol": "BLDR",
        "period": "Q2",
        "salesrevenuenet": 191813000,
        "costofgoodsandservicessold": 1382500000,
        "grossprofit": 460797000,
        "sellinggeneralandadministrativeexpense": 369456000,
        "operatingincomeloss": 91341000,
        "interestexpense": 8289000,
        "incomelossfromcontinuingoperationsbeforeincometaxesextraordinaryitemsnoncontrollinginterest": -30390000,
        "incometaxexpensebenefit": 19721000,
        "netincomeloss": 37910000,
        "comprehensiveincomenetoftax": 37910000,
        "earningspersharebasic": 0.34,
        "earningspersharediluted": 0.33,
        "weightedaveragenumberofsharesoutstandingbasic": 112443000,
        "weightedaveragenumberofdilutedsharesoutstanding": 115465000
    },
    {
        "date": "2017-03-30",
        "symbol": "BLDR",
        "period": "Q1",
        "salesrevenuenet": 168435000,
        "costofgoodsandservicessold": 1157012000,
        "grossprofit": 376052000,
        "sellinggeneralandadministrativeexpense": 335775000,
        "operatingincomeloss": 40277000,
        "interestexpense": 13250000,
        "incomelossfromcontinuingoperationsbeforeincometaxesextraordinaryitemsnoncontrollinginterest": -27069000,
        "incometaxexpensebenefit": 298000,
        "netincomeloss": 3822000,
        "comprehensiveincomenetoftax": 3822000,
        "earningspersharebasic": 0.03,
        "earningspersharediluted": 0.03,
        "weightedaveragenumberofsharesoutstandingbasic": 111964000,
        "weightedaveragenumberofdilutedsharesoutstanding": 114580000
    },
    {
        "date": "2016-09-29",
        "symbol": "BLDR",
        "period": "Q3",
        "salesrevenuenet": 195458000,
        "costofgoodsandservicessold": 1308864000,
        "grossprofit": 437094000,
        "sellinggeneralandadministrativeexpense": 350837000,
        "operatingincomeloss": 86257000,
        "interestexpense": 68666000,
        "incomelossfromcontinuingoperationsbeforeincometaxesextraordinaryitemsnoncontrollinginterest": -76307000,
        "incometaxexpensebenefit": -131502000,
        "netincomeloss": 69300000,
        "comprehensiveincomenetoftax": 125469000,
        "earningspersharebasic": 1.13,
        "earningspersharediluted": 1.1,
        "weightedaveragenumberofsharesoutstandingbasic": 111187000,
        "weightedaveragenumberofdilutedsharesoutstanding": 114273000
    },
    {
        "date": "2016-06-29",
        "symbol": "BLDR",
        "period": "Q2",
        "salesrevenuenet": 197047000,
        "costofgoodsandservicessold": 1258969000,
        "grossprofit": 418331000,
        "sellinggeneralandadministrativeexpense": 341909000,
        "operatingincomeloss": 76422000,
        "interestexpense": 20548000,
        "incomelossfromcontinuingoperationsbeforeincometaxesextraordinaryitemsnoncontrollinginterest": -37881000,
        "incometaxexpensebenefit": 4179000,
        "netincomeloss": 54000000,
        "comprehensiveincomenetoftax": 29441000,
        "earningspersharebasic": 0.27,
        "earningspersharediluted": 0.26,
        "weightedaveragenumberofsharesoutstandingbasic": 110339000,
        "weightedaveragenumberofdilutedsharesoutstanding": 113504000
    },
    {
        "date": "2016-03-30",
        "symbol": "BLDR",
        "period": "Q1",
        "salesrevenuenet": 152022000,
        "costofgoodsandservicessold": 1047366000,
        "grossprofit": 349748000,
        "sellinggeneralandadministrativeexpense": 326969000,
        "operatingincomeloss": 22779000,
        "interestexpense": 15230000,
        "incomelossfromcontinuingoperationsbeforeincometaxesextraordinaryitemsnoncontrollinginterest": -33975000,
        "incometaxexpensebenefit": 4535000,
        "netincomeloss": 8100000,
        "comprehensiveincomenetoftax": -16980000,
        "earningspersharebasic": -0.15,
        "earningspersharediluted": -0.15,
        "weightedaveragenumberofsharesoutstandingbasic": 109913000,
        "weightedaveragenumberofdilutedsharesoutstanding": 109913000
    },
    {
        "date": "2015-09-29",
        "symbol": "BLDR",
        "period": "Q3",
        "salesrevenuenet": 75154000,
        "costofgoodsandservicessold": 951289000,
        "grossprofit": 324774000,
        "sellinggeneralandadministrativeexpense": 286918000,
        "operatingincomeloss": 38241000,
        "interestexpense": 15971000,
        "incometaxexpensebenefit": 993000,
        "incomelossfromcontinuingoperations": -8757000,
        "incomelossfromdiscontinuedoperationsnetoftaxattributabletoreportingentity": 0,
        "netincomeloss": -8757000,
        "comprehensiveincomenetoftax": -8757000,
        "incomelossfromcontinuingoperationsperbasicshare": -0.09,
        "earningspersharebasic": -0.09,
        "incomelossfromcontinuingoperationsperdilutedshare": -0.07999999999999999,
        "earningspersharediluted": -0.07999999999999999,
        "weightedaveragenumberofsharesoutstandingbasic": -96271000,
        "weightedaveragenumberofdilutedsharesoutstanding": -100506000
    },
    {
        "date": "2015-06-29",
        "symbol": "BLDR",
        "period": "Q2",
        "salesrevenuenet": 69369000,
        "costofgoodsandservicessold": 350907000,
        "grossprofit": 110614000,
        "sellinggeneralandadministrativeexpense": 94543000,
        "facilityclosurecosts": 131000,
        "operatingincomeloss": 15940000,
        "interestexpense": 12573000,
        "incomelossfromcontinuingoperationsbeforeincometaxesextraordinaryitemsnoncontrollinginterest": 3367000,
        "incometaxexpensebenefit": -199000,
        "incomelossfromcontinuingoperations": 3566000,
        "incomelossfromdiscontinuedoperationsnetoftaxattributabletoreportingentity": 10000,
        "netincomeloss": 3576000,
        "comprehensiveincomenetoftax": 3576000,
        "incomelossfromcontinuingoperationsperbasicshare": 0.04,
        "earningspersharebasic": 0.04,
        "incomelossfromcontinuingoperationsperdilutedshare": 0.03,
        "earningspersharediluted": 0.03,
        "weightedaveragenumberofsharesoutstandingbasic": 99163000,
        "weightedaveragenumberofdilutedsharesoutstanding": 102978000
    },
    {
        "date": "2015-03-30",
        "symbol": "BLDR",
        "period": "Q1",
        "salesrevenuenet": 53356000,
        "costofgoodsandservicessold": 287253000,
        "grossprofit": 83733000,
        "sellinggeneralandadministrativeexpense": 82838000,
        "facilityclosurecosts": 254000,
        "operatingincomeloss": 641000,
        "interestexpense": 7607000,
        "incomelossfromcontinuingoperationsbeforeincometaxesminorityinterestandincomelossfromequitymethodinvestments": -6966000,
        "incometaxexpensebenefit": 196000,
        "incomelossfromcontinuingoperations": -7162000,
        "incomelossfromdiscontinuedoperationsnetoftaxattributabletoreportingentity": 92000,
        "netincomeloss": -7070000,
        "comprehensiveincomenetoftax": -7070000,
        "incomelossfromcontinuingoperationsperbasicshare": -0.07,
        "earningspersharebasic": -0.07,
        "incomelossfromcontinuingoperationsperdilutedshare": -0.07,
        "earningspersharediluted": -0.07,
        "weightedaveragenumberofsharesoutstandingbasic": 98204000,
        "weightedaveragenumberofdilutedsharesoutstanding": 98624000
    },
    {
        "date": "2014-09-29",
        "symbol": "BLDR",
        "period": "Q3",
        "salesrevenuenet": 62634000,
        "costofgoodsandservicessold": 337260000,
        "grossprofit": 97647000,
        "sellinggeneralandadministrativeexpense": 81963000,
        "facilityclosurecosts": 99000,
        "operatingincomeloss": 15585000,
        "interestexpense": 6393000,
        "incomelossfromcontinuingoperationsbeforeincometaxesminorityinterestandincomelossfromequitymethodinvestments": 9192000,
        "incometaxexpensebenefit": 453000,
        "incomelossfromcontinuingoperations": 8739000,
        "incomelossfromdiscontinuedoperationsnetoftaxattributabletoreportingentity": -235000,
        "netincomeloss": 8504000,
        "comprehensiveincomenetoftax": 8504000,
        "incomelossfromcontinuingoperationsperbasicshare": 0.09,
        "earningspersharebasic": 0.09,
        "incomelossfromcontinuingoperationsperdilutedshare": 0.07,
        "earningspersharediluted": 0.07,
        "weightedaveragenumberofsharesoutstandingbasic": 98104000,
        "weightedaveragenumberofdilutedsharesoutstanding": 100360000
    },
    {
        "date": "2014-06-29",
        "symbol": "BLDR",
        "period": "Q2",
        "salesrevenuenet": 60678000,
        "costofgoodsandservicessold": 332744000,
        "grossprofit": 93799000,
        "sellinggeneralandadministrativeexpense": 76417000,
        "facilityclosurecosts": 28000,
        "operatingincomeloss": 17354000,
        "interestexpense": 6504000,
        "incomelossfromcontinuingoperationsbeforeincometaxesminorityinterestandincomelossfromequitymethodinvestments": 10850000,
        "incometaxexpensebenefit": 230000,
        "incomelossfromcontinuingoperations": 10620000,
        "incomelossfromdiscontinuedoperationsnetoftaxattributabletoreportingentity": -11000,
        "netincomeloss": 10609000,
        "comprehensiveincomenetoftax": 10609000,
        "incomelossfromcontinuingoperationsperbasicshare": 0.11,
        "earningspersharebasic": 0.11,
        "incomelossfromcontinuingoperationsperdilutedshare": 0.09,
        "earningspersharediluted": 0.09,
        "weightedaveragenumberofsharesoutstandingbasic": 98032000,
        "weightedaveragenumberofdilutedsharesoutstanding": 100759000
    },
    {
        "date": "2014-03-30",
        "symbol": "BLDR",
        "period": "Q1",
        "salesrevenuenet": 50161000,
        "costofgoodsandservicessold": 270994000,
        "grossprofit": 74915000,
        "sellinggeneralandadministrativeexpense": 69318000,
        "facilityclosurecosts": 163000,
        "operatingincomeloss": 5434000,
        "interestexpense": 8828000,
        "incomelossfromcontinuingoperationsbeforeincometaxesminorityinterestandincomelossfromequitymethodinvestments": -3394000,
        "incometaxexpensebenefit": -82000,
        "incomelossfromcontinuingoperations": -3312000,
        "incomelossfromdiscontinuedoperationsnetoftaxattributabletoreportingentity": -72000,
        "netincomeloss": -3384000,
        "comprehensiveincomenetoftax": -3384000,
        "incomelossfromcontinuingoperationsperbasicanddilutedshare": -0.03,
        "earningspersharebasicanddiluted": -0.03,
        "weightedaveragenumberofshareoutstandingbasicanddiluted": 97617000
    },
    {
        "date": "2013-09-29",
        "symbol": "BLDR",
        "period": "Q3",
        "salesrevenuenet": 60592000,
        "costofgoodsandservicessold": 310437000,
        "grossprofit": 92494000,
        "sellinggeneralandadministrativeexpense": 72343000,
        "restructuringcharges": -197000,
        "operatingincomeloss": 20348000,
        "interestexpense": 7525000,
        "incomelossfromcontinuingoperationsbeforeincometaxesminorityinterestandincomelossfromequitymethodinvestments": 12823000,
        "incometaxexpensebenefit": -129000,
        "incomelossfromcontinuingoperations": 12952000,
        "incomelossfromdiscontinuedoperationsnetoftaxattributabletoreportingentity": -158000,
        "netincomeloss": 12794000,
        "comprehensiveincomenetoftax": 12794000,
        "incomelossfromcontinuingoperationsperbasicshare": 0.13,
        "earningspersharebasic": 0.13,
        "incomelossfromcontinuingoperationsperdilutedshare": 0.13,
        "earningspersharediluted": 0.13,
        "weightedaveragenumberofsharesoutstandingbasic": 97229000,
        "weightedaveragenumberofdilutedsharesoutstanding": 99765000
    },
    {
        "date": "2013-06-29",
        "symbol": "BLDR",
        "period": "Q2",
        "salesrevenuenet": 35185000,
        "costofgoodsandservicessold": 315916000,
        "grossprofit": 82232000,
        "sellinggeneralandadministrativeexpense": 69011000,
        "restructuringcharges": 52000,
        "operatingincomeloss": 13169000,
        "interestexpense": 61058000,
        "incomelossfromcontinuingoperationsbeforeincometaxesminorityinterestandincomelossfromequitymethodinvestments": -47889000,
        "incometaxexpensebenefit": 400000,
        "incomelossfromcontinuingoperations": -48289000,
        "incomelossfromdiscontinuedoperationsnetoftaxattributabletoreportingentity": 83000,
        "netincomeloss": -48206000,
        "comprehensiveincomenetoftax": -48206000,
        "incomelossfromcontinuingoperationsperbasicanddilutedshare": -0.5,
        "earningspersharebasicanddiluted": -0.5,
        "basicdilutedweightedaveragenumberofsharesoutstanding": 96349000
    },
    {
        "date": "2013-03-30",
        "symbol": "BLDR",
        "period": "Q1",
        "salesrevenuenet": 63605000,
        "costofgoodsandservicessold": 257355000,
        "grossprofit": 62347000,
        "sellinggeneralandadministrativeexpense": 61078000,
        "restructuringcharges": 59000,
        "operatingincomeloss": 1210000,
        "interestexpense": 12500000,
        "incomelossfromcontinuingoperationsbeforeincometaxesminorityinterestandincomelossfromequitymethodinvestments": -11290000,
        "incometaxexpensebenefit": 315000,
        "incomelossfromcontinuingoperations": -11605000,
        "incomelossfromdiscontinuedoperationsnetoftaxattributabletoreportingentity": -203000,
        "netincomeloss": -11808000,
        "comprehensiveincomenetoftax": -11808000,
        "incomelossfromcontinuingoperationsperbasicanddilutedshare": -0.12,
        "earningspersharebasicanddiluted": -0.12,
        "basicdilutedweightedaveragenumberofsharesoutstanding": 95989000
    },
    {
        "date": "2012-09-29",
        "symbol": "BLDR",
        "period": "Q3",
        "salesrevenuenet": 61821000,
        "costofgoodsandservicessold": 234067000,
        "grossprofit": 57713000,
        "sellinggeneralandadministrativeexpense": 58650000,
        "restructuringcharges": 692000,
        "operatingincomeloss": -1629000,
        "interestexpense": 10618000,
        "incomelossfromcontinuingoperationsbeforeincometaxesminorityinterestandincomelossfromequitymethodinvestments": -12247000,
        "incometaxexpensebenefit": 33000,
        "incomelossfromcontinuingoperations": -12280000,
        "incomelossfromdiscontinuedoperationsnetoftaxattributabletoreportingentity": -1285000,
        "netincomeloss": -13565000,
        "comprehensiveincomenetoftax": -13565000,
        "incomelossfromcontinuingoperationsperbasicanddilutedshare": -0.13,
        "incomelossfromdiscontinuedoperationsnetoftaxperbasicanddilutedshare": -0.01,
        "netincomelossperbasicanddilutedshare": -0.14,
        "basicdilutedweightedaveragenumberofsharesoutstanding": 95514000
    },
    {
        "date": "2012-06-29",
        "symbol": "BLDR",
        "period": "Q2",
        "salesrevenuenet": 59294000,
        "costofgoodsandservicessold": 218255000,
        "grossprofit": 53664000,
        "sellinggeneralandadministrativeexpense": 54960000,
        "restructuringcharges": 76000,
        "operatingincomeloss": -1372000,
        "interestexpense": 10461000,
        "incomelossfromcontinuingoperationsbeforeincometaxesminorityinterestandincomelossfromequitymethodinvestments": -11833000,
        "incometaxexpensebenefit": 144000,
        "incomelossfromcontinuingoperations": -11977000,
        "incomelossfromdiscontinuedoperationsnetoftaxattributabletoreportingentity": -78000,
        "netincomeloss": -12055000,
        "comprehensiveincomenetoftax": -12055000,
        "incomelossfromcontinuingoperationsperbasicanddilutedshare": -0.13,
        "netincomelossperbasicanddilutedshare": -0.13,
        "basicdilutedweightedaveragenumberofsharesoutstanding": 95427000
    },
    {
        "date": "2012-03-30",
        "symbol": "BLDR",
        "period": "Q1",
        "salesrevenuenet": 219389000,
        "costofgoodsandservicessold": 174270000,
        "grossprofit": 45119000,
        "sellinggeneralandadministrativeexpense": 50961000,
        "operatingincomeloss": -5842000,
        "interestexpense": 13105000,
        "incomelossfromcontinuingoperationsbeforeincometaxesminorityinterestandincomelossfromequitymethodinvestments": -18947000,
        "incometaxexpensebenefit": 174000,
        "incomelossfromcontinuingoperations": -19121000,
        "incomelossfromdiscontinuedoperationsnetoftaxattributabletoreportingentity": -67000,
        "netincomeloss": -19188000,
        "comprehensiveincomenetoftax": -19188000,
        "incomelossfromcontinuingoperationsperbasicanddilutedshare": -0.2,
        "netincomelossperbasicanddilutedshare": -0.2,
        "basicdilutedweightedaveragenumberofsharesoutstanding": 95261000
    },
    {
        "date": "2011-09-29",
        "symbol": "BLDR",
        "period": "Q3",
        "salesrevenuenet": 217194000,
        "costofgoodsandservicessold": 172755000,
        "grossprofit": 44439000,
        "sellinggeneralandadministrativeexpense": 50200000,
        "restructuringcharges": 115000,
        "operatingincomeloss": -5876000,
        "interestexpense": 5319000,
        "incomelossfromcontinuingoperationsbeforeincometaxesminorityinterestandincomelossfromequitymethodinvestments": -11195000,
        "incometaxexpensebenefit": 268000,
        "incomelossfromcontinuingoperations": -11463000,
        "incomelossfromdiscontinuedoperationsnetoftaxattributabletoreportingentity": -101000,
        "netincomeloss": -11564000,
        "incomelossfromcontinuingoperationsperbasicanddilutedshare": -0.12,
        "netincomelossperbasicanddilutedshare": -0.12,
        "basicdilutedweightedaveragenumberofsharesoutstanding": 94976000
    },
    {
        "date": "2011-06-29",
        "symbol": "BLDR",
        "period": "Q2",
        "salesrevenuenet": 206393000,
        "costofgoodsandservicessold": 163590000,
        "grossprofit": 42803000,
        "sellinggeneralandadministrativeexpense": 48965000,
        "restructuringcharges": 1882000,
        "operatingincomeloss": -8044000,
        "interestexpense": 5665000,
        "incomelossfromcontinuingoperationsbeforeincometaxesminorityinterestandincomelossfromequitymethodinvestments": -13709000,
        "incometaxexpensebenefit": 1666000,
        "incomelossfromcontinuingoperations": -15375000,
        "incomelossfromdiscontinuedoperationsnetoftaxattributabletoreportingentity": -109000,
        "netincomeloss": -15484000,
        "incomelossfromcontinuingoperationsperbasicanddilutedshare": -0.16,
        "netincomelossperbasicanddilutedshare": -0.16,
        "basicdilutedweightedaveragenumberofsharesoutstanding": 94905000
    }
]