[
    {
        "date": "2024-09-29",
        "symbol": "LLY",
        "period": "Q3",
        "revenues": 150200000,
        "costofgoodsandservicessold": 2170800000,
        "researchanddevelopmentexpenseexcludingacquiredinprocesscost": 2734100000,
        "sellinggeneralandadministrativeexpense": 2099800000,
        "researchanddevelopmentassetacquiredotherthanthroughbusinesscombinationwrittenoff": 2830000000,
        "restructuringsettlementandimpairmentprovisions": 81600000,
        "nonoperatingincomeexpense": 62000000,
        "costofsalesoperatingexpensesandothernet": 9850700000,
        "incomelossfromcontinuingoperationsbeforeincometaxesextraordinaryitemsnoncontrollinginterest": 30000000,
        "incometaxexpensebenefit": 6300000,
        "netincomeloss": 970300000,
        "earningspersharebasic": 1.08,
        "earningspersharediluted": 1.07,
        "weightedaveragenumberofsharesoutstandingbasic": 901000000,
        "weightedaveragenumberofdilutedsharesoutstanding": 905000000,
        "othercomprehensiveincomelossnetoftaxportionattributabletoparent": 103700000,
        "comprehensiveincomenetoftax": 1074000000
    },
    {
        "date": "2024-03-30",
        "symbol": "LLY",
        "period": "Q1",
        "revenues": 8768000000,
        "costofgoodsandservicessold": 1673500000,
        "researchanddevelopmentexpenseexcludingacquiredinprocesscost": 2522800000,
        "sellinggeneralandadministrativeexpense": 1952200000,
        "researchanddevelopmentassetacquiredotherthanthroughbusinesscombinationwrittenoff": 110500000,
        "nonoperatingincomeexpense": 27100000,
        "costofsalesoperatingexpensesandothernet": 6231900000,
        "incomelossfromcontinuingoperationsbeforeincometaxesextraordinaryitemsnoncontrollinginterest": 2536100000,
        "incometaxexpensebenefit": 293200000,
        "netincomeloss": 2242900000,
        "earningspersharebasic": 2.49,
        "earningspersharediluted": 2.48,
        "weightedaveragenumberofsharesoutstandingbasic": 900800000,
        "weightedaveragenumberofdilutedsharesoutstanding": 903800000,
        "othercomprehensiveincomelossnetoftaxportionattributabletoparent": 27500000,
        "comprehensiveincomenetoftax": 2270400000
    },
    {
        "date": "2023-12-30",
        "symbol": "LLY",
        "period": "Q4",
        "revenues": 24436100000,
        "costofgoodsandservicessold": 1788000000,
        "sellinggeneralandadministrativeexpense": 1924600000,
        "nonoperatingincomeexpense": 121000000,
        "costofsalesoperatingexpensesandothernet": 6844600000,
        "incomelossfromcontinuingoperationsbeforeincometaxesextraordinaryitemsnoncontrollinginterest": 6094600000,
        "incometaxexpensebenefit": 822700000,
        "netincomeloss": 2189700000,
        "earningspersharebasic": 2.4299999999999997,
        "earningspersharediluted": 2.419999999999999,
        "weightedaveragenumberofsharesoutstandingbasic": 900181000,
        "weightedaveragenumberofdilutedsharesoutstanding": 903284000,
        "othercomprehensiveincomelossnetoftaxportionattributabletoparent": -542100000,
        "comprehensiveincomenetoftax": 1647600000
    },
    {
        "date": "2023-09-29",
        "symbol": "LLY",
        "period": "Q3",
        "revenues": 9498600000,
        "costofgoodsandservicessold": 1860100000,
        "researchanddevelopmentexpenseexcludingacquiredinprocesscost": 2409100000,
        "sellinggeneralandadministrativeexpense": 1803900000,
        "researchanddevelopmentassetacquiredotherthanthroughbusinesscombinationwrittenoff": 2975100000,
        "nonoperatingincomeexpense": -23200000,
        "costofsalesoperatingexpensesandothernet": 9071400000,
        "incomelossfromcontinuingoperationsbeforeincometaxesextraordinaryitemsnoncontrollinginterest": 427200000,
        "incometaxexpensebenefit": 484600000,
        "netincomeloss": -57400000,
        "earningspersharebasic": -0.06,
        "earningspersharediluted": -0.06,
        "weightedaveragenumberofsharesoutstandingbasic": 899800000,
        "weightedaveragenumberofdilutedsharesoutstanding": 899800000,
        "othercomprehensiveincomelossnetoftaxportionattributabletoparent": 3800000,
        "comprehensiveincomenetoftax": -53600000
    },
    {
        "date": "2023-06-29",
        "symbol": "LLY",
        "period": "Q2",
        "revenues": 103600000,
        "costofgoodsandservicessold": 1807400000,
        "researchanddevelopmentexpense": 2356500000,
        "sellinggeneralandadministrativeexpense": 1925400000,
        "acquiredinprocessresearchanddevelopment": 97100000,
        "nonoperatingincomeexpense": -36800000,
        "costofsalesoperatingexpensesandothernet": 6223200000,
        "incomelossfromcontinuingoperationsbeforeincometaxesextraordinaryitemsnoncontrollinginterest": 16300000,
        "incometaxexpensebenefit": 3400000,
        "netincomeloss": 1763200000,
        "earningspersharebasic": 1.96,
        "earningspersharediluted": 1.95,
        "weightedaveragenumberofsharesoutstandingbasic": 899700000,
        "weightedaveragenumberofdilutedsharesoutstanding": 902700000,
        "othercomprehensiveincomelossnetoftaxportionattributabletoparent": -11400000,
        "comprehensiveincomenetoftax": 1751800000
    },
    {
        "date": "2023-03-30",
        "symbol": "LLY",
        "period": "Q1",
        "revenues": 85800000,
        "costofgoodsandservicessold": 1626700000,
        "researchanddevelopmentexpense": 1985100000,
        "sellinggeneralandadministrativeexpense": 1749200000,
        "acquiredinprocessresearchanddevelopment": 105000000,
        "nonoperatingincomeexpense": 35700000,
        "costofsalesoperatingexpensesandothernet": 5430300000,
        "incomelossfromcontinuingoperationsbeforeincometaxesextraordinaryitemsnoncontrollinginterest": 16500000,
        "incometaxexpensebenefit": 3500000,
        "netincomeloss": 1344900000,
        "earningspersharebasic": 1.49,
        "earningspersharediluted": 1.49,
        "weightedaveragenumberofsharesoutstandingbasic": 901000000,
        "weightedaveragenumberofdilutedsharesoutstanding": 903300000,
        "othercomprehensiveincomelossnetoftaxportionattributabletoparent": 67300000,
        "comprehensiveincomenetoftax": 1412200000
    },
    {
        "date": "2022-12-30",
        "symbol": "LLY",
        "period": "Q4",
        "revenues": 400000,
        "costofgoodsandservicessold": 1548100000,
        "researchanddevelopmentexpense": 1995900000,
        "sellinggeneralandadministrativeexpense": 1643200000,
        "acquiredinprocessresearchanddevelopmentanddevelopmentmilestones": 240100000,
        "nonoperatingincomeexpense": 260000000,
        "costofsalesoperatingexpensesandothernet": 5205400000,
        "incomelossfromcontinuingoperationsbeforeincometaxesextraordinaryitemsnoncontrollinginterest": 72600000,
        "incometaxexpensebenefit": 15300000,
        "netincomeloss": 1937700000,
        "earningspersharebasic": 2.15,
        "earningspersharediluted": 2.14,
        "weightedaveragenumberofsharesoutstandingbasic": -1802964000,
        "weightedaveragenumberofdilutedsharesoutstanding": -1808481000,
        "comprehensiveincomenetoftax": 2388900000
    },
    {
        "date": "2022-09-29",
        "symbol": "LLY",
        "period": "Q3",
        "revenues": 103800000,
        "costofgoodsandservicessold": 1579100000,
        "researchanddevelopmentexpense": 1802900000,
        "sellinggeneralandadministrativeexpense": 1614200000,
        "acquiredinprocessresearchanddevelopmentanddevelopmentmilestones": 62400000,
        "restructuringsettlementandimpairmentprovisions": 206500000,
        "nonoperatingincomeexpense": -111000000,
        "costofsalesoperatingexpensesandothernet": 5376100000,
        "incomelossfromcontinuingoperationsbeforeincometaxesextraordinaryitemsnoncontrollinginterest": 72400000,
        "incometaxexpensebenefit": 15200000,
        "netincomeloss": 1451700000,
        "earningspersharebasic": 1.61,
        "earningspersharediluted": 1.61,
        "weightedaveragenumberofsharesoutstandingbasic": 900700000,
        "weightedaveragenumberofdilutedsharesoutstanding": 903800000,
        "othercomprehensiveincomelossnetoftax": 63400000,
        "comprehensiveincomenetoftax": 1443600000
    },
    {
        "date": "2022-06-29",
        "symbol": "LLY",
        "period": "Q2",
        "revenues": 97100000,
        "costofgoodsandservicessold": 1430500000,
        "researchanddevelopmentexpense": 1781900000,
        "sellinggeneralandadministrativeexpense": 1625100000,
        "acquiredinprocessresearchanddevelopmentanddevelopmentmilestones": 440400000,
        "nonoperatingincomeexpense": -119200000,
        "costofsalesoperatingexpensesandothernet": 5397100000,
        "incomelossfromcontinuingoperationsbeforeincometaxesextraordinaryitemsnoncontrollinginterest": 71700000,
        "incometaxexpensebenefit": 15000000,
        "netincomeloss": 952500000,
        "earningspersharebasic": 1.06,
        "earningspersharediluted": 1.05,
        "weightedaveragenumberofsharesoutstandingbasic": 900300000,
        "weightedaveragenumberofdilutedsharesoutstanding": 902900000,
        "othercomprehensiveincomelossnetoftax": 128000000,
        "comprehensiveincomenetoftax": 890100000
    },
    {
        "date": "2022-03-30",
        "symbol": "LLY",
        "period": "Q1",
        "revenues": 92000000,
        "costofgoodsandservicessold": 2072100000,
        "researchanddevelopmentexpense": 1610100000,
        "sellinggeneralandadministrativeexpense": 1557900000,
        "acquiredinprocessresearchanddevelopmentanddevelopmentmilestones": 165600000,
        "nonoperatingincomeexpense": -350700000,
        "costofsalesoperatingexpensesandothernet": 5756400000,
        "incomelossfromcontinuingoperationsbeforeincometaxesextraordinaryitemsnoncontrollinginterest": 74200000,
        "incometaxexpensebenefit": 15600000,
        "netincomeloss": 1902900000,
        "earningspersharebasic": 2.11,
        "earningspersharediluted": 2.1,
        "weightedaveragenumberofsharesoutstandingbasic": 903700000,
        "weightedaveragenumberofdilutedsharesoutstanding": 906400000,
        "othercomprehensiveincomelossnetoftax": 112600000,
        "comprehensiveincomenetoftax": 2020700000
    },
    {
        "date": "2021-12-30",
        "symbol": "LLY",
        "period": "Q4",
        "revenues": 28038500000,
        "costofgoodsandservicessold": 2050200000,
        "researchanddevelopmentexpense": 1959400000,
        "sellinggeneralandadministrativeexpense": 1592000000,
        "acquiredinprocessresearchanddevelopment": 376600000,
        "nonoperatingincomeexpense": -77300000,
        "costofsalesoperatingexpensesandothernet": 6160000000,
        "incomelossfromcontinuingoperationsbeforeincometaxesextraordinaryitemsnoncontrollinginterest": 5828300000,
        "incometaxexpensebenefit": 505100000,
        "earningspersharebasic": 1.9000000000000006,
        "earningspersharediluted": 1.89,
        "weightedaveragenumberofsharesoutstandingbasic": -737000,
        "weightedaveragenumberofdilutedsharesoutstanding": -19000,
        "othercomprehensiveincomelossnetoftax": 2010600000
    },
    {
        "date": "2021-09-29",
        "symbol": "LLY",
        "period": "Q3",
        "revenues": 96100000,
        "costofgoodsandservicessold": 1430800000,
        "researchanddevelopmentexpense": 1708900000,
        "sellinggeneralandadministrativeexpense": 1577900000,
        "acquiredinprocessresearchanddevelopment": 174000000,
        "nonoperatingincomeexpense": -635900000,
        "costofsalesoperatingexpensesandothernet": 5527500000,
        "incomelossfromcontinuingoperationsbeforeincometaxesextraordinaryitemsnoncontrollinginterest": 108800000,
        "incometaxexpensebenefit": 22800000,
        "earningspersharebasic": 1.2299999999999998,
        "earningspersharediluted": 1.2200000000000009,
        "weightedaveragenumberofsharesoutstandingbasic": -500000,
        "weightedaveragenumberofdilutedsharesoutstanding": 100000,
        "othercomprehensiveincomelossnetoftax": 20099999.99999997,
        "comprehensiveincomenetoftax": 1224500000
    },
    {
        "date": "2021-06-29",
        "symbol": "LLY",
        "period": "Q2",
        "revenues": 89200000,
        "costofgoodsandservicessold": 1953200000,
        "researchanddevelopmentexpense": 1672800000,
        "sellinggeneralandadministrativeexpense": 1685700000,
        "acquiredinprocessresearchanddevelopment": 25000000,
        "restructuringsettlementandimpairmentprovisions": 0,
        "nonoperatingincomeexpense": 190500000,
        "costofsalesoperatingexpensesandothernet": 5146200000,
        "incomelossfromcontinuingoperationsbeforeincometaxesextraordinaryitemsnoncontrollinginterest": 109600000,
        "incometaxexpensebenefit": 23000000,
        "earningspersharebasic": 1.53,
        "earningspersharediluted": 1.5199999999999998,
        "weightedaveragenumberofsharesoutstandingbasic": -600000,
        "weightedaveragenumberofdilutedsharesoutstanding": -800000,
        "profitloss": 90100000,
        "othercomprehensiveincomelossnetoftax": -133500000.00000003,
        "comprehensiveincomenetoftax": 1498700000
    },
    {
        "date": "2021-03-30",
        "symbol": "LLY",
        "period": "Q1",
        "revenues": 94600000,
        "costofgoodsandservicessold": 1878600000,
        "researchanddevelopmentexpense": 1684800000,
        "sellinggeneralandadministrativeexpense": 1576000000,
        "acquiredinprocessresearchanddevelopment": 299300000,
        "restructuringsettlementandimpairmentprovisions": 211600000,
        "nonoperatingincomeexpense": 321100000,
        "costofsalesoperatingexpensesandothernet": 5329200000,
        "incomelossfromcontinuingoperationsbeforeincometaxesextraordinaryitemsnoncontrollinginterest": 108800000,
        "incometaxexpensebenefit": 22900000,
        "profitloss": 89700000,
        "earningspersharebasic": 1.49,
        "earningspersharediluted": 1.49,
        "weightedaveragenumberofsharesoutstandingbasic": 908800000,
        "weightedaveragenumberofdilutedsharesoutstanding": 912400000,
        "othercomprehensiveincomelossnetoftax": 256100000.00000003,
        "comprehensiveincomenetoftax": 1456100000
    },
    {
        "date": "2020-12-30",
        "symbol": "LLY",
        "period": "Q4",
        "revenues": 17521700000,
        "costofgoodsandservicessold": 1719800000,
        "researchanddevelopmentexpense": 1838000000,
        "sellinggeneralandadministrativeexpense": 1553900000,
        "nonoperatingincomeexpense": 477000000,
        "costofsalesoperatingexpensesandothernet": 4970900000,
        "incomelossfromcontinuingoperationsbeforeincometaxesextraordinaryitemsnoncontrollinginterest": 5692200000,
        "incometaxexpensebenefit": 842600000,
        "incomelossfromcontinuingoperationsincludingportionattributabletononcontrollinginterest": 4859500000,
        "netincomeloss": 2116800000,
        "incomelossfromcontinuingoperationsperbasicshare": 2.33,
        "earningspersharebasic": 2.33,
        "incomelossfromcontinuingoperationsperdilutedshare": 2.3200000000000007,
        "earningspersharediluted": 2.3200000000000007,
        "weightedaveragenumberofsharesoutstandingbasic": 134000,
        "weightedaveragenumberofdilutedsharesoutstanding": 605000,
        "othercomprehensiveincomelossnetoftax": 267000000
    },
    {
        "date": "2020-09-29",
        "symbol": "LLY",
        "period": "Q3",
        "revenues": 583200000,
        "costofgoodsandservicessold": 1326400000,
        "researchanddevelopmentexpense": 1465400000,
        "sellinggeneralandadministrativeexpense": 1569100000,
        "acquiredinprocessresearchanddevelopment": 0,
        "nonoperatingincomeexpense": 158900000,
        "costofsalesoperatingexpensesandothernet": 4303400000,
        "incomelossfromcontinuingoperationsbeforeincometaxesextraordinaryitemsnoncontrollinginterest": -38300000,
        "incometaxexpensebenefit": -8000000,
        "incomelossfromcontinuingoperationsincludingportionattributabletononcontrollinginterest": -33400000,
        "netincomeloss": 1208400000,
        "incomelossfromcontinuingoperationsperbasicshare": 1.33,
        "earningspersharebasic": 1.33,
        "incomelossfromcontinuingoperationsperdilutedshare": 1.3199999999999998,
        "earningspersharediluted": 1.3199999999999998,
        "weightedaveragenumberofsharesoutstandingbasic": -200000,
        "weightedaveragenumberofdilutedsharesoutstanding": 300000,
        "othercomprehensiveincomelossnetoftax": 86200000,
        "comprehensiveincomenetoftax": 1336200000
    },
    {
        "date": "2020-06-29",
        "symbol": "LLY",
        "period": "Q2",
        "revenues": 575100000,
        "costofgoodsandservicessold": 1222000000,
        "researchanddevelopmentexpense": 1390200000,
        "sellinggeneralandadministrativeexpense": 1448600000,
        "acquiredinprocessresearchanddevelopment": 241800000,
        "restructuringsettlementandimpairmentprovisions": 0,
        "nonoperatingincomeexpense": 446900000,
        "costofsalesoperatingexpensesandothernet": 3855700000.0000005,
        "incomelossfromcontinuingoperationsbeforeincometaxesextraordinaryitemsnoncontrollinginterest": -103900000,
        "incometaxexpensebenefit": -21800000,
        "incomelossfromcontinuingoperationsincludingportionattributabletononcontrollinginterest": -88900000,
        "netincomeloss": 1412000000,
        "incomelossfromcontinuingoperationsperbasicshare": 1.56,
        "earningspersharebasic": 1.56,
        "incomelossfromcontinuingoperationsperdilutedshare": 1.5499999999999998,
        "earningspersharediluted": 1.5499999999999998,
        "weightedaveragenumberofsharesoutstandingbasic": -500000,
        "weightedaveragenumberofdilutedsharesoutstanding": -100000,
        "othercomprehensiveincomelossnetoftax": 36300000,
        "comprehensiveincomenetoftax": 1615000000
    },
    {
        "date": "2020-03-30",
        "symbol": "LLY",
        "period": "Q1",
        "netincomeloss": 1456500000,
        "othercomprehensiveincomelossnetoftax": -362300000,
        "comprehensiveincomenetoftax": 1094200000,
        "revenues": 5859800000,
        "costofgoodsandservicessold": 1215100000,
        "researchanddevelopmentexpense": 1392100000,
        "sellinggeneralandadministrativeexpense": 1549600000,
        "acquiredinprocessresearchanddevelopment": 52300000,
        "restructuringsettlementandimpairmentprovisions": 59900000,
        "nonoperatingincomeexpense": 89100000,
        "costofsalesoperatingexpensesandothernet": 4179900000,
        "incomelossfromcontinuingoperationsbeforeincometaxesextraordinaryitemsnoncontrollinginterest": 1679900000,
        "incometaxexpensebenefit": 223400000,
        "incomelossfromcontinuingoperationsincludingportionattributabletononcontrollinginterest": 1456500000,
        "incomelossfromdiscontinuedoperationsnetoftax": 3680000000,
        "incomelossfromcontinuingoperationsperbasicshare": 1.6,
        "earningspersharebasic": 1.6,
        "incomelossfromcontinuingoperationsperdilutedshare": 1.6,
        "earningspersharediluted": 1.6,
        "weightedaveragenumberofsharesoutstandingbasic": 908200000,
        "weightedaveragenumberofdilutedsharesoutstanding": 911700000
    },
    {
        "date": "2019-12-30",
        "symbol": "LLY",
        "period": "Q4",
        "netincomeloss": 1495700000,
        "othercomprehensiveincomelossnetoftax": -789100000,
        "revenues": 6114000000,
        "costofgoodsandservicessold": 1282600000,
        "researchanddevelopmentexpense": 1581400000,
        "sellinggeneralandadministrativeexpense": 1698100000,
        "acquiredinprocessresearchanddevelopment": 0,
        "nonoperatingincomeexpense": 262900000,
        "costofsalesoperatingexpensesandothernet": 4450900000,
        "incomelossfromcontinuingoperationsbeforeincometaxesextraordinaryitemsnoncontrollinginterest": 1663100000,
        "incometaxexpensebenefit": 167400000,
        "incomelossfromcontinuingoperationsincludingportionattributabletononcontrollinginterest": 1495700000,
        "incomelossfromcontinuingoperationsperbasicshare": 1.6300000000000003,
        "incomelossfromdiscontinuedoperationsnetoftaxperbasicshare": 0.03000000000000025,
        "earningspersharebasic": 1.6600000000000001,
        "incomelossfromcontinuingoperationsperdilutedshare": 1.63,
        "incomelossfromdiscontinuedoperationsnetoftaxperdilutedshare": 0.020000000000000018,
        "earningspersharediluted": 1.6500000000000004,
        "weightedaveragenumberofsharesoutstandingbasic": -7141000,
        "weightedaveragenumberofdilutedsharesoutstanding": -6716000
    },
    {
        "date": "2019-09-29",
        "symbol": "LLY",
        "period": "Q3",
        "netincomeloss": 1253900000,
        "othercomprehensiveincomelossnetoftax": -134000000,
        "comprehensiveincomenetoftax": 1119900000,
        "stockholdersequityincludingportionattributabletononcontrollinginterest": 0,
        "revenues": 5476600000,
        "costofgoodsandservicessold": 1175000000,
        "researchanddevelopmentexpense": 1380900000,
        "sellinggeneralandadministrativeexpense": 1412300000,
        "acquiredinprocessresearchanddevelopment": 77700000,
        "nonoperatingincomeexpense": -24900000,
        "costofsalesoperatingexpensesandothernet": 4070800000,
        "incomelossfromcontinuingoperationsbeforeincometaxesextraordinaryitemsnoncontrollinginterest": 1405800000,
        "incometaxexpensebenefit": 151900000,
        "incomelossfromcontinuingoperationsincludingportionattributabletononcontrollinginterest": 1253900000,
        "incomelossfromdiscontinuedoperationsnetoftax": 0,
        "incomelossfromcontinuingoperationsperbasicshare": 1.3600000000000003,
        "incomelossfromdiscontinuedoperationsnetoftaxperbasicshare": 0.04999999999999982,
        "earningspersharebasic": 1.4099999999999993,
        "incomelossfromcontinuingoperationsperdilutedshare": 1.35,
        "incomelossfromdiscontinuedoperationsnetoftaxperdilutedshare": 0.050000000000000266,
        "earningspersharediluted": 1.4000000000000004,
        "weightedaveragenumberofsharesoutstandingbasic": -12200000,
        "weightedaveragenumberofdilutedsharesoutstanding": -11800000
    },
    {
        "date": "2019-06-29",
        "symbol": "LLY",
        "period": "Q2",
        "netincomeloss": 1327200000,
        "othercomprehensiveincomelossnetoftax": 26100000,
        "comprehensiveincomenetoftax": 1414200000,
        "stockholdersequityincludingportionattributabletononcontrollinginterest": 3059000000,
        "revenues": 9828600000,
        "costofgoodsandservicessold": 1124900000,
        "researchanddevelopmentexpense": 1402200000,
        "sellinggeneralandadministrativeexpense": 1586300000,
        "acquiredinprocessresearchanddevelopment": 25000000,
        "restructuringsettlementandimpairmentprovisions": 0,
        "nonoperatingincomeexpense": -32400000,
        "costofsalesoperatingexpensesandothernet": 4170800000,
        "incomelossfromcontinuingoperationsbeforeincometaxesextraordinaryitemsnoncontrollinginterest": 2252900000,
        "incometaxexpensebenefit": 319900000,
        "incomelossfromcontinuingoperationsincludingportionattributabletononcontrollinginterest": 1937700000,
        "incomelossfromdiscontinuedoperationsnetoftax": 3764500000,
        "incomelossfromcontinuingoperationsperbasicshare": 1.42,
        "incomelossfromdiscontinuedoperationsnetoftaxperbasicshare": 0.11000000000000032,
        "earningspersharebasic": 1.5300000000000002,
        "incomelossfromcontinuingoperationsperdilutedshare": 1.4100000000000001,
        "incomelossfromdiscontinuedoperationsnetoftaxperdilutedshare": 0.11999999999999966,
        "earningspersharediluted": 1.5300000000000002,
        "weightedaveragenumberofsharesoutstandingbasic": -29500000,
        "weightedaveragenumberofdilutedsharesoutstanding": -29800000
    },
    {
        "date": "2019-03-30",
        "symbol": "LLY",
        "period": "Q1",
        "netincomeloss": 4241600000,
        "othercomprehensiveincomelossnetoftax": 56800000,
        "comprehensiveincomenetoftax": 4294300000,
        "stockholdersequityincludingportionattributabletononcontrollinginterest": -3013200000,
        "revenues": 900300000,
        "costofgoodsandservicessold": 1138700000,
        "researchanddevelopmentexpense": 1230500000,
        "sellinggeneralandadministrativeexpense": 1517100000,
        "acquiredinprocessresearchanddevelopment": 136900000,
        "restructuringsettlementandimpairmentprovisions": 423900000,
        "nonoperatingincomeexpense": 86000000,
        "costofsalesoperatingexpensesandothernet": 4361100000,
        "incomelossfromcontinuingoperationsbeforeincometaxesextraordinaryitemsnoncontrollinginterest": -55900000,
        "incometaxexpensebenefit": -11200000,
        "incomelossfromcontinuingoperationsincludingportionattributabletononcontrollinginterest": -49400000,
        "incomelossfromdiscontinuedoperationsnetoftax": -84000000,
        "incomelossfromcontinuingoperationsperbasicshare": 0.57,
        "incomelossfromdiscontinuedoperationsnetoftaxperbasicshare": 3.76,
        "earningspersharebasic": 4.33,
        "incomelossfromcontinuingoperationsperdilutedshare": 0.57,
        "incomelossfromdiscontinuedoperationsnetoftaxperdilutedshare": 3.74,
        "earningspersharediluted": 4.31,
        "weightedaveragenumberofsharesoutstandingbasic": 979900000,
        "weightedaveragenumberofdilutedsharesoutstanding": 984000000
    },
    {
        "date": "2018-12-30",
        "symbol": "LLY",
        "period": "Q4",
        "netincomeloss": 1125000000,
        "othercomprehensiveincomelossnetoftax": -4900000,
        "revenues": -7656500000,
        "researchanddevelopmentexpense": -3833300000,
        "sellinggeneralandadministrativeexpense": 1861500000,
        "restructuringsettlementandimpairmentprovisions": 246000000,
        "nonoperatingincomeexpense": 58500000,
        "costofsalesoperatingexpensesandothernet": 5499700000,
        "incomelossfromcontinuingoperationsbeforeincometaxesextraordinaryitemsnoncontrollinginterest": -4711500000,
        "incometaxexpensebenefit": 16900000,
        "earningspersharebasic": 1.1000000000000003,
        "earningspersharediluted": 1.0999999999999999,
        "weightedaveragenumberofsharesoutstandingbasic": -2070879000,
        "weightedaveragenumberofdilutedsharesoutstanding": -2072633000
    },
    {
        "date": "2018-09-29",
        "symbol": "LLY",
        "period": "Q3",
        "netincomeloss": 1149500000,
        "othercomprehensiveincomelossnetoftax": 900000,
        "comprehensiveincomenetoftax": 1809700000,
        "revenues": 5289200000,
        "costofgoodsandservicessold": 1562300000,
        "researchanddevelopmentexpense": 1343300000,
        "sellinggeneralandadministrativeexpense": 1616600000,
        "acquiredinprocessresearchanddevelopment": 30000000,
        "restructuringsettlementandimpairmentprovisions": 83300000,
        "nonoperatingincomeexpense": 300000,
        "costofsalesoperatingexpensesandothernet": 4650900000,
        "incomelossfromcontinuingoperationsbeforeincometaxesextraordinaryitemsnoncontrollinginterest": 1514000000,
        "incometaxexpensebenefit": 100000,
        "earningspersharebasic": 1.13,
        "earningspersharediluted": 1.12,
        "weightedaveragenumberofsharesoutstandingbasic": 1020400000,
        "weightedaveragenumberofdilutedsharesoutstanding": 1026300000
    },
    {
        "date": "2018-06-29",
        "symbol": "LLY",
        "period": "Q2",
        "netincomeloss": -259900000,
        "othercomprehensiveincomelossnetoftax": 32900000,
        "comprehensiveincomenetoftax": -931100000,
        "revenues": 5563200000,
        "costofgoodsandservicessold": 1702700000,
        "researchanddevelopmentexpense": 1333100000,
        "sellinggeneralandadministrativeexpense": 1653700000,
        "acquiredinprocessresearchanddevelopment": 1560000000,
        "restructuringsettlementandimpairmentprovisions": 74400000,
        "nonoperatingincomeexpense": -41800000,
        "costofsalesoperatingexpensesandothernet": 6350400000,
        "incomelossfromcontinuingoperationsbeforeincometaxesextraordinaryitemsnoncontrollinginterest": 1720200000,
        "incometaxexpensebenefit": -8800000,
        "earningspersharebasic": -0.25,
        "earningspersharediluted": -0.25,
        "weightedaveragenumberofsharesoutstandingbasic": 1030200000,
        "weightedaveragenumberofdilutedsharesoutstanding": 1030200000,
        "commonstockdividendspersharecashpaid": 0.5625
    },
    {
        "date": "2018-03-30",
        "symbol": "LLY",
        "period": "Q1",
        "netincomeloss": 1217400000,
        "othercomprehensiveincomelossnetoftax": -35600000,
        "comprehensiveincomenetoftax": 1603700000,
        "revenues": 1035200000,
        "costofgoodssold": 1571300000,
        "researchanddevelopmentexpense": 1176900000,
        "sellinggeneralandadministrativeexpense": 1500000000,
        "restructuringsettlementandimpairmentprovisions": 78300000,
        "nonoperatingincomeexpense": 500000,
        "costofsalesoperatingexpensesandothernet": 4259000000,
        "incomelossfromcontinuingoperationsbeforeincometaxesextraordinaryitemsnoncontrollinginterest": 1516800000,
        "incometaxexpensebenefit": 100000,
        "earningspersharebasic": 1.16,
        "earningspersharediluted": 1.16,
        "weightedaveragenumberofsharesoutstandingbasic": 1048000000,
        "weightedaveragenumberofdilutedsharesoutstanding": 1049800000,
        "commonstockdividendspersharecashpaid": 0.5625
    },
    {
        "date": "2017-09-29",
        "symbol": "LLY",
        "period": "Q3",
        "netincomeloss": 555600000,
        "othercomprehensiveincomelossnetoftax": 10000000,
        "comprehensiveincomenetoftax": 723300000,
        "othercomprehensiveincomelossnetoftaxportionattributabletoparent": 165500000,
        "othercomprehensiveincomelossnetoftaxportionattributabletononcontrollinginterest": 2200000,
        "revenues": 4917400000,
        "costofgoodssold": 5500000,
        "researchanddevelopmentexpense": 50000000,
        "sellinggeneralandadministrativeexpense": 1555500000,
        "acquiredinprocessresearchanddevelopment": 205000000,
        "restructuringsettlementandimpairmentprovisions": 406500000,
        "nonoperatingincomeexpense": -13900000,
        "costofsalesoperatingexpensesandothernet": 5066400000,
        "incomelossfromcontinuingoperationsbeforeincometaxesextraordinaryitemsnoncontrollinginterest": 1242500000,
        "incometaxexpensebenefit": -12800000,
        "earningspersharebasic": 0.53,
        "earningspersharediluted": 0.53,
        "weightedaveragenumberofsharesoutstandingbasic": 1053400000,
        "weightedaveragenumberofdilutedsharesoutstanding": 1056000000,
        "commonstockdividendspersharecashpaid": 0.52
    },
    {
        "date": "2017-06-29",
        "symbol": "LLY",
        "period": "Q2",
        "netincomeloss": 1008000000,
        "othercomprehensiveincomelossnetoftax": -269500000,
        "comprehensiveincomenetoftax": 1292800000,
        "othercomprehensiveincomelossnetoftaxportionattributabletoparent": 289400000,
        "othercomprehensiveincomelossnetoftaxportionattributabletononcontrollinginterest": -4600000,
        "revenues": 5039400000,
        "costofgoodssold": 16100000,
        "researchanddevelopmentexpense": 1250900000,
        "sellinggeneralandadministrativeexpense": 55700000,
        "acquiredinprocessresearchanddevelopment": 0,
        "restructuringsettlementandimpairmentprovisions": 50000000,
        "nonoperatingincomeexpense": -3900000,
        "costofsalesoperatingexpensesandothernet": 4563800000,
        "incomelossfromcontinuingoperationsbeforeincometaxesextraordinaryitemsnoncontrollinginterest": 1204000000,
        "incometaxexpensebenefit": -197000000,
        "earningspersharebasic": 0.95,
        "earningspersharediluted": 0.95,
        "weightedaveragenumberofsharesoutstandingbasic": -700000,
        "weightedaveragenumberofdilutedsharesoutstanding": 1200000,
        "commonstockdividendspersharecashpaid": 0.52
    },
    {
        "date": "2017-03-30",
        "symbol": "LLY",
        "period": "Q1",
        "netincomeloss": -110800000,
        "othercomprehensiveincomelossnetoftax": 198700000,
        "comprehensiveincomenetoftax": 87900000,
        "othercomprehensiveincomelossnetoftaxportionattributabletoparent": 209700000,
        "othercomprehensiveincomelossnetoftaxportionattributabletononcontrollinginterest": -11000000,
        "revenues": 4459000000,
        "costofgoodssold": 10400000,
        "researchanddevelopmentexpense": 1238300000,
        "sellinggeneralandadministrativeexpense": 46700000,
        "acquiredinprocessresearchanddevelopment": 857600000,
        "restructuringsettlementandimpairmentprovisions": 213900000,
        "nonoperatingincomeexpense": 15100000,
        "costofsalesoperatingexpensesandothernet": 5167100000,
        "incomelossfromcontinuingoperationsbeforeincometaxesextraordinaryitemsnoncontrollinginterest": 1319200000,
        "incometaxexpensebenefit": 172000000,
        "earningspersharebasic": -0.1,
        "earningspersharediluted": -0.1,
        "weightedaveragenumberofsharesoutstandingbasic": 1056300000,
        "weightedaveragenumberofdilutedsharesoutstanding": 1056300000,
        "commonstockdividendspersharecashpaid": 0.52
    },
    {
        "date": "2016-09-29",
        "symbol": "LLY",
        "period": "Q3",
        "netincomeloss": 778000000,
        "othercomprehensiveincomelossnetoftax": 5800000,
        "comprehensiveincomenetoftax": 891500000,
        "revenues": 4485500000,
        "costofgoodssold": 1400900000,
        "researchanddevelopmentexpense": 100000000,
        "sellinggeneralandadministrativeexpense": 47400000,
        "restructuringsettlementandimpairmentprovisions": 45500000,
        "nonoperatingincomeexpense": 27200000,
        "costofsalesoperatingexpensesandothernet": 4221000000,
        "incomelossfromcontinuingoperationsbeforeincometaxesextraordinaryitemsnoncontrollinginterest": 1193900000,
        "incometaxexpensebenefit": 192700000,
        "earningspersharebasic": 0.74,
        "earningspersharediluted": 0.73,
        "weightedaveragenumberofsharesoutstandingbasic": 1057700000,
        "weightedaveragenumberofdilutedsharesoutstanding": 1060800000,
        "commonstockdividendspersharecashpaid": 0.51
    },
    {
        "date": "2016-06-29",
        "symbol": "LLY",
        "period": "Q2",
        "netincomeloss": 747700000,
        "othercomprehensiveincomelossnetoftax": -187600000,
        "comprehensiveincomenetoftax": 641200000,
        "revenues": 4545000000,
        "costofgoodssold": 1465000000,
        "researchanddevelopmentexpense": 100000000,
        "sellinggeneralandadministrativeexpense": 47300000,
        "restructuringsettlementandimpairmentprovisions": 58000000,
        "nonoperatingincomeexpense": 21200000,
        "costofsalesoperatingexpensesandothernet": 4460300000,
        "incomelossfromcontinuingoperationsbeforeincometaxesextraordinaryitemsnoncontrollinginterest": 1171100000,
        "incometaxexpensebenefit": 196800000,
        "earningspersharebasic": 0.71,
        "earningspersharediluted": 0.71,
        "weightedaveragenumberofsharesoutstandingbasic": 1057700000,
        "weightedaveragenumberofdilutedsharesoutstanding": 1060100000,
        "commonstockdividendspersharecashpaid": 0.51
    },
    {
        "date": "2016-03-30",
        "symbol": "LLY",
        "period": "Q1",
        "netincomeloss": 440100000,
        "othercomprehensiveincomelossnetoftax": 316000000,
        "comprehensiveincomenetoftax": 756100000,
        "revenues": 61400000,
        "costofgoodssold": 1323000000,
        "researchanddevelopmentexpense": 1221000000,
        "sellinggeneralandadministrativeexpense": 49000000,
        "restructuringsettlementandimpairmentprovisions": 131400000,
        "nonoperatingincomeexpense": -149000000,
        "costofsalesoperatingexpensesandothernet": 4298300000,
        "incomelossfromcontinuingoperationsbeforeincometaxesextraordinaryitemsnoncontrollinginterest": 1074600000,
        "incometaxexpensebenefit": 126700000,
        "earningspersharebasic": 0.42,
        "earningspersharediluted": 0.41,
        "weightedaveragenumberofsharesoutstandingbasic": 1059900000,
        "weightedaveragenumberofdilutedsharesoutstanding": 1063100000,
        "commonstockdividendspersharecashpaid": 0.51
    },
    {
        "date": "2015-09-29",
        "symbol": "LLY",
        "period": "Q3",
        "netincomeloss": 799700000,
        "othercomprehensiveincomelossnetoftax": -226700000,
        "comprehensiveincomenetoftax": 535900000,
        "revenues": 4180900000,
        "costofgoodssold": 284900000,
        "researchanddevelopmentexpense": 1143400000,
        "sellinggeneralandadministrativeexpense": 53700000,
        "acquiredinprocessresearchanddevelopment": 0,
        "restructuringsettlementandimpairmentprovisions": 42400000,
        "nonoperatingincomeexpense": 0,
        "costofsalesoperatingexpensesandothernet": 3911900000,
        "incomelossfromcontinuingoperationsbeforeincometaxesextraordinaryitemsnoncontrollinginterest": 1263900000,
        "incometaxexpensebenefit": 248100000,
        "earningspersharebasic": 0.76,
        "earningspersharediluted": 0.75,
        "weightedaveragenumberofsharesoutstandingbasic": -600000,
        "weightedaveragenumberofdilutedsharesoutstanding": -300000,
        "commonstockdividendspersharecashpaid": 0.5
    },
    {
        "date": "2015-06-29",
        "symbol": "LLY",
        "period": "Q2",
        "documentperiodenddate": "2015-06-30",
        "netincomeloss": 600800000,
        "othercomprehensiveincomelossnetoftax": 256800000,
        "comprehensiveincomenetoftax": 855100000,
        "revenues": 4138000000,
        "costofgoodssold": -68400000,
        "researchanddevelopmentexpense": 1169500000,
        "sellinggeneralandadministrativeexpense": 53500000,
        "acquiredinprocessresearchanddevelopment": 80000000,
        "restructuringsettlementandimpairmentprovisions": 72400000,
        "nonoperatingincomeexpense": -245400000,
        "costofsalesoperatingexpensesandothernet": 4299000000,
        "incomelossfromcontinuingoperationsbeforeincometaxesextraordinaryitemsnoncontrollinginterest": 1205100000,
        "incometaxexpensebenefit": 78900000,
        "weightedaveragenumberofsharesoutstandingbasic": -1200000,
        "earningspersharebasic": 0.56,
        "weightedaveragenumberofdilutedsharesoutstanding": -700000,
        "earningspersharediluted": 0.56,
        "commonstockdividendspersharecashpaid": 0.5
    },
    {
        "date": "2015-03-30",
        "symbol": "LLY",
        "period": "Q1",
        "netincomeloss": 529500000,
        "othercomprehensiveincomelossnetoftax": -796000000,
        "comprehensiveincomenetoftax": -136200000,
        "revenues": 3894900000,
        "costofgoodssold": -63500000,
        "researchanddevelopmentexpense": 1039300000,
        "sellinggeneralandadministrativeexpense": 49300000,
        "acquiredinprocessresearchanddevelopment": 256000000,
        "restructuringsettlementandimpairmentprovisions": 108000000,
        "nonoperatingincomeexpense": 92700000,
        "costofsalesoperatingexpensesandothernet": 4026800000,
        "incomelossfromcontinuingoperationsbeforeincometaxesextraordinaryitemsnoncontrollinginterest": 1198100000,
        "incometaxexpensebenefit": 88400000,
        "weightedaveragenumberofsharesoutstandingbasic": 1064200000,
        "earningspersharebasic": 0.5,
        "weightedaveragenumberofdilutedsharesoutstanding": 1067000000,
        "earningspersharediluted": 0.5,
        "commonstockdividendspersharecashpaid": 0.5
    },
    {
        "date": "2014-09-29",
        "symbol": "LLY",
        "period": "Q3",
        "netincomeloss": 500600000,
        "othercomprehensiveincomelossnetoftax": 81200000,
        "comprehensiveincomenetoftax": -115700000,
        "revenues": 869900000,
        "costofgoodssold": 1267000000,
        "researchanddevelopmentexpense": 1243200000,
        "sellinggeneralandadministrativeexpense": 119000000,
        "acquiredinprocessresearchanddevelopment": 95000000,
        "restructuringsettlementandimpairmentprovisions": 36300000,
        "nonoperatingincomeexpense": 93500000,
        "costofsalesoperatingexpensesandothernet": 4220100000,
        "incomelossfromcontinuingoperationsbeforeincometaxesextraordinaryitemsnoncontrollinginterest": 145800000,
        "incometaxexpensebenefit": 154900000,
        "weightedaveragenumberofsharesoutstandingbasic": 1069600000,
        "earningspersharebasic": 0.47,
        "weightedaveragenumberofdilutedsharesoutstanding": 1074400000,
        "earningspersharediluted": 0.47,
        "commonstockdividendspersharecashpaid": 0.49
    },
    {
        "date": "2014-06-29",
        "symbol": "LLY",
        "period": "Q2",
        "netincomeloss": 733500000,
        "othercomprehensiveincomelossnetoftax": 96200000,
        "comprehensiveincomenetoftax": 755500000,
        "revenues": 2614500000,
        "costofgoodssold": 1189700000,
        "researchanddevelopmentexpense": 1195400000,
        "sellinggeneralandadministrativeexpense": 1663900000,
        "restructuringsettlementandimpairmentprovisions": 0,
        "nonoperatingincomeexpense": 53800000,
        "costofsalesoperatingexpensesandothernet": 3995200000,
        "incomelossfromcontinuingoperationsbeforeincometaxesextraordinaryitemsnoncontrollinginterest": 803000000,
        "incometaxexpensebenefit": 206900000,
        "weightedaveragenumberofsharesoutstandingbasic": -400000,
        "earningspersharebasic": 0.68,
        "weightedaveragenumberofdilutedsharesoutstanding": 600000,
        "earningspersharediluted": 0.68,
        "commonstockdividendspersharecashpaid": 0.49
    },
    {
        "date": "2014-03-30",
        "symbol": "LLY",
        "period": "Q1",
        "netincomeloss": 727900000,
        "othercomprehensiveincomelossnetoftax": -39000000,
        "comprehensiveincomenetoftax": 773300000,
        "revenues": 764300000,
        "costofgoodssold": 1222700000,
        "researchanddevelopmentexpense": 1109300000,
        "sellinggeneralandadministrativeexpense": 1484900000,
        "restructuringsettlementandimpairmentprovisions": 31400000,
        "nonoperatingincomeexpense": 56000000,
        "costofsalesoperatingexpensesandothernet": 3792300000,
        "incomelossfromcontinuingoperationsbeforeincometaxesextraordinaryitemsnoncontrollinginterest": 787800000,
        "incometaxexpensebenefit": 162900000,
        "weightedaveragenumberofsharesoutstandingbasic": 1072700000,
        "earningspersharebasic": 0.68,
        "weightedaveragenumberofdilutedsharesoutstanding": 1075800000,
        "earningspersharediluted": 0.68,
        "commonstockdividendspersharecashpaid": 0.49
    },
    {
        "date": "2013-09-29",
        "symbol": "LLY",
        "period": "Q3",
        "netincomeloss": 1203100000,
        "othercomprehensiveincomelossnetoftax": 298500000,
        "comprehensiveincomenetoftax": 1587700000,
        "revenues": 4635500000,
        "costofgoodssold": 1198100000,
        "researchanddevelopmentexpense": 1377400000,
        "sellinggeneralandadministrativeexpense": 1652400000,
        "restructuringsettlementandimpairmentprovisions": 0,
        "nonoperatingincomeexpense": -31300000,
        "costofsalesoperatingexpensesandothernet": 4259200000,
        "incomelossfromcontinuingoperationsbeforeincometaxesextraordinaryitemsnoncontrollinginterest": 2645500000,
        "incometaxexpensebenefit": 310300000,
        "commonstockdividendspersharecashpaid": 0.49
    },
    {
        "date": "2013-06-29",
        "symbol": "LLY",
        "period": "Q2",
        "netincomeloss": 1206200000,
        "othercomprehensiveincomelossnetoftax": -23500000,
        "comprehensiveincomenetoftax": 1271900000,
        "revenues": 543500000,
        "costofgoodssold": 1165200000,
        "researchanddevelopmentexpense": 1330400000,
        "sellinggeneralandadministrativeexpense": 1867600000,
        "restructuringsettlementandimpairmentprovisions": 63500000,
        "nonoperatingincomeexpense": 11900000,
        "costofsalesoperatingexpensesandothernet": 4414800000,
        "incomelossfromcontinuingoperationsbeforeincometaxesextraordinaryitemsnoncontrollinginterest": 147700000,
        "incometaxexpensebenefit": 308700000,
        "earningspersharebasic": 1.12,
        "earningspersharediluted": 1.11,
        "commonstockdividendspersharecashpaid": 0.49
    },
    {
        "date": "2013-03-30",
        "symbol": "LLY",
        "period": "Q1",
        "netincomeloss": 1548000000,
        "othercomprehensiveincomelossnetoftax": -217300000,
        "comprehensiveincomenetoftax": 1330700000,
        "revenues": 94900000,
        "costofgoodssold": 1158300000,
        "researchanddevelopmentexpense": 1348100000,
        "sellinggeneralandadministrativeexpense": 1652000000,
        "restructuringsettlementandimpairmentprovisions": 21700000,
        "nonoperatingincomeexpense": 529200000,
        "costofsalesoperatingexpensesandothernet": 3650900000,
        "incomelossfromcontinuingoperationsbeforeincometaxesextraordinaryitemsnoncontrollinginterest": 1348200000,
        "incometaxexpensebenefit": 403100000,
        "earningspersharebasicanddiluted": 1.42,
        "commonstockdividendspersharecashpaid": 0.49
    },
    {
        "date": "2012-09-29",
        "symbol": "LLY",
        "period": "Q3",
        "netincomeloss": 1326600000,
        "othercomprehensiveincomelossnetoftax": 398300000,
        "comprehensiveincomenetoftax": 1724900000,
        "revenues": 86600000,
        "costofgoodssold": 1203600000,
        "researchanddevelopmentexpense": 1342800000,
        "sellinggeneralandadministrativeexpense": 1757400000,
        "restructuringsettlementandimpairmentprovisions": 53300000,
        "nonoperatingincomeexpense": 788500000,
        "costofsalesoperatingexpensesandothernet": 3568600000,
        "incomelossfromcontinuingoperationsbeforeincometaxesextraordinaryitemsnoncontrollinginterest": 106000000,
        "incometaxexpensebenefit": 548100000,
        "earningspersharebasicanddiluted": 1.18,
        "commonstockdividendspersharecashpaid": 0.49
    },
    {
        "date": "2012-06-29",
        "symbol": "LLY",
        "period": "Q2",
        "netincomeloss": 923600000,
        "othercomprehensiveincomelossnetoftax": -385000000,
        "comprehensiveincomenetoftax": 538600000,
        "revenues": 67200000,
        "costofgoodssold": 1146700000,
        "researchanddevelopmentexpense": 1320700000,
        "sellinggeneralandadministrativeexpense": 1931100000,
        "restructuringsettlementandimpairmentprovisions": 0,
        "nonoperatingincomeexpense": -16500000,
        "costofsalesoperatingexpensesandothernet": 4415000000,
        "incometaxexpensebenefit": 262100000,
        "earningspersharebasicanddiluted": 0.82,
        "commonstockdividendspersharecashpaid": 0.49
    },
    {
        "date": "2012-03-30",
        "symbol": "LLY",
        "period": "Q1",
        "revenues": 99800000,
        "costofgoodssold": 1197900000,
        "researchanddevelopmentexpense": 1151500000,
        "sellinggeneralandadministrativeexpense": 1847500000,
        "restructuringsettlementandimpairmentprovisions": 23800000,
        "nonoperatingincomeexpense": -46000000,
        "costofsalesoperatingexpensesandothernet": 4266700000,
        "incomelossfromcontinuingoperationsbeforeincometaxesminorityinterestandincomelossfromequitymethodinvestments": 1335300000,
        "incometaxexpensebenefit": 324200000,
        "netincomeloss": 1011100000,
        "earningspersharebasicanddiluted": 0.91,
        "commonstockdividendspersharecashpaid": 0.49,
        "othercomprehensiveincomelossnetoftax": 309400000,
        "comprehensiveincomenetoftax": 1320500000
    },
    {
        "date": "2011-09-29",
        "symbol": "LLY",
        "period": "Q3",
        "revenues": 106700000,
        "costofgoodssold": 1338100000,
        "researchanddevelopmentexpense": 1280900000,
        "sellinggeneralandadministrativeexpense": 1917800000,
        "restructuringsettlementandimpairmentprovisions": 25200000,
        "nonoperatingincomeexpense": -83400000,
        "costofsalesoperatingexpensesandothernet": 4645400000,
        "incomelossfromcontinuingoperationsbeforeincometaxesminorityinterestandincomelossfromequitymethodinvestments": 1502500000,
        "incometaxexpensebenefit": 266200000,
        "netincomeloss": 1236300000,
        "earningspersharebasicanddiluted": 1.1099999999999997,
        "commonstockdividendspersharecashpaid": 0.49,
        "othercomprehensiveincomelossnetoftaxperiodincreasedecrease": -496000000,
        "comprehensiveincomenetoftax": 740300000,
        "othercomprehensiveincomeforeigncurrencytransactionandtranslationgainlossarisingduringperiodnetoftax": -407700000
    },
    {
        "date": "2011-06-29",
        "symbol": "LLY",
        "period": "Q2",
        "revenues": 152100000,
        "costofgoodssold": 1228000000,
        "researchanddevelopmentexpense": 1260600000,
        "sellinggeneralandadministrativeexpense": 2043000000,
        "acquiredinprocessresearchanddevelopment": 0,
        "restructuringsettlementandimpairmentprovisions": 132300000,
        "nonoperatingincomeexpense": -57600000,
        "costofsalesoperatingexpensesandothernet": 4721500000,
        "incomelossfromcontinuingoperationsbeforeincometaxesminorityinterestandincomelossfromequitymethodinvestments": 1531300000,
        "incometaxexpensebenefit": 334000000,
        "netincomeloss": 1197300000,
        "earningspersharebasicanddiluted": 1.07,
        "commonstockdividendspersharecashpaid": 0.49,
        "othercomprehensiveincomelossnetoftaxperiodincreasedecrease": 178900000,
        "comprehensiveincomenetoftax": 1376200000,
        "othercomprehensiveincomeforeigncurrencytransactionandtranslationgainlossarisingduringperiodnetoftax": 99000000
    },
    {
        "date": "2011-03-30",
        "symbol": "LLY",
        "period": "Q1",
        "revenues": 53600000,
        "costofgoodssold": 1180100000,
        "researchanddevelopmentexpense": 1124000000,
        "sellinggeneralandadministrativeexpense": 1785700000,
        "acquiredinprocessresearchanddevelopment": 388000000,
        "restructuringsettlementandimpairmentprovisions": 76300000,
        "nonoperatingincomeexpense": -11200000,
        "costofsalesoperatingexpensesandothernet": 4565300000,
        "incomelossfromcontinuingoperationsbeforeincometaxesminorityinterestandincomelossfromequitymethodinvestments": 1273900000,
        "incometaxexpensebenefit": 218000000,
        "netincomeloss": 1055900000,
        "earningspersharebasicanddiluted": 0.95,
        "commonstockdividendspersharecashpaid": 0.49,
        "othercomprehensiveincomelossnetoftaxperiodincreasedecrease": 481300000,
        "comprehensiveincomenetoftax": 1537200000,
        "othercomprehensiveincomeforeigncurrencytransactionandtranslationgainlossarisingduringperiodnetoftax": 444500000
    },
    {
        "date": "2010-03-30",
        "symbol": "LLY",
        "period": "Q1",
        "revenues": 5485500000,
        "costofgoodssold": 1122500000,
        "researchanddevelopmentexpense": 1039100000,
        "sellinggeneralandadministrativeexpense": 1614400000,
        "acquiredinprocessresearchanddevelopment": 50000000,
        "restructuringsettlementandimpairmentprovisions": 26200000,
        "othernonoperatingincomeexpense": 74500000,
        "costofsalesoperatingexpensesandothernet": 3777700000,
        "incomelossfromcontinuingoperationsbeforeincometaxesminorityinterestandincomelossfromequitymethodinvestments": 1707800000,
        "incometaxexpensebenefit": 459700000,
        "netincomeloss": 1248100000,
        "earningslosspersharebasicanddiluted": 1.13,
        "commonstockdividendspersharecashpaid": 0.49,
        "othercomprehensiveincomelossnetoftaxperiodincreasedecrease": -305000000,
        "comprehensiveincomenetoftax": 943100000
    },
    {
        "date": "2009-09-29",
        "symbol": "LLY",
        "period": "Q3",
        "salesrevenuegoodsnet": 5385500000,
        "othersalesrevenuenet": 176500000,
        "revenues": 5562000000,
        "costofgoodssold": 1051900000,
        "researchanddevelopmentexpense": 1122100000,
        "sellinggeneralandadministrativeexpense": 1701800000,
        "restructuringsettlementandimpairmentprovisions": 549800000,
        "othernonoperatingincomeexpense": 66900000,
        "costofsalesoperatingexpensesandothernet": 4492500000,
        "incomelossfromcontinuingoperationsbeforeincometaxesminorityinterestandincomelossfromequitymethodinvestments": 1069500000,
        "incometaxexpensebenefit": 127700000,
        "netincomeloss": 941800000,
        "earningspersharebasicanddiluted": 0.86,
        "commonstockdividendspersharecashpaid": 0.49,
        "othercomprehensiveincomelossnetoftaxperiodincreasedecrease": 291400000,
        "comprehensiveincomenetoftax": 1233200000
    }
]