[
    {
        "date": "2024-09-29",
        "symbol": "AFRM",
        "period": "Q1",
        "revenuefromcontractwithcustomerexcludingassessedtax": 47480000,
        "interestanddividendincomeoperating": 377064000,
        "gainlossonsalesofloansnet": 63613000,
        "contractuallyspecifiedservicingfeeslatefeesandancillaryfeesearnedinexchangeforservicingfinancialassets": 26000000,
        "revenues": 698479000,
        "lossonfinancingreceivablecommitmentstopurchase": 54237000,
        "provisionforloanlossesexpensed": 159824000,
        "interestexpensedebt": 104145000,
        "processingandservicingexpense": 95146000,
        "technologyanddataanalyticsexpense": 134290000,
        "sellingandmarketingexpense": 145233000,
        "generalandadministrativeexpense": 138482000,
        "restructuringchargesreversals": -255000,
        "costsandexpenses": 831102000,
        "operatingincomeloss": -132623000,
        "othernonoperatingincomeexpense": 34303000,
        "incomelossfromcontinuingoperationsbeforeincometaxesextraordinaryitemsnoncontrollinginterest": -98320000,
        "incometaxexpensebenefit": 1900000,
        "netincomeloss": -13652000,
        "othercomprehensiveincomeforeigncurrencytransactionandtranslationadjustmentnetoftaxportionattributabletoparent": 8346000,
        "othercomprehensiveincomeunrealizedholdinggainlossonsecuritiesarisingduringperiodnetoftax": 5589000,
        "othercomprehensiveincomelosscashflowhedgegainlossbeforereclassificationaftertax": -1492000,
        "othercomprehensiveincomelossnetoftaxportionattributabletoparent": 12443000,
        "comprehensiveincomenetoftax": -87779000,
        "earningspersharebasic": -0.31,
        "earningspersharediluted": -0.31,
        "weightedaveragenumberofsharesoutstandingbasic": 43348162,
        "weightedaveragenumberofdilutedsharesoutstanding": 43348162
    },
    {
        "date": "2024-06-29",
        "symbol": "AFRM",
        "period": "Q4",
        "revenuefromcontractwithcustomerexcludingassessedtax": -342198000,
        "interestanddividendincomeoperating": 337618000,
        "gainlossonsalesofloansnet": 69983000,
        "contractuallyspecifiedservicingfeeslatefeesandancillaryfeesearnedinexchangeforservicingfinancialassets": 27613000,
        "revenues": 659185000,
        "lossonfinancingreceivablecommitmentstopurchase": 47756000,
        "provisionforloanlossesexpensed": 117609000,
        "interestexpensedebt": 95256000,
        "processingandservicingexpense": 89166000,
        "technologyanddataanalyticsexpense": 124231000,
        "sellingandmarketingexpense": 135324000,
        "generalandadministrativeexpense": 123459000,
        "restructuringcharges": -95000,
        "costsandexpenses": 732645000,
        "operatingincomeloss": -73460000,
        "othernonoperatingincomeexpense": 29321000,
        "incomelossfromcontinuingoperationsbeforeincometaxesextraordinaryitemsnoncontrollinginterest": -44139000,
        "incometaxexpensebenefit": 997000,
        "netincomeloss": 385653000,
        "othercomprehensiveincomeforeigncurrencytransactionandtranslationadjustmentnetoftaxportionattributabletoparent": -4702000,
        "othercomprehensiveincomeunrealizedholdinggainlossonsecuritiesarisingduringperiodnetoftax": 681000,
        "othercomprehensiveincomelosscashflowhedgegainlossbeforereclassificationaftertax": -243000,
        "othercomprehensiveincomelossnetoftaxportionattributabletoparent": -4264000,
        "comprehensiveincomenetoftax": -49400000,
        "earningspersharebasic": -0.13,
        "earningspersharediluted": -0.13,
        "weightedaveragenumberofsharesoutstandingbasic": 52047035,
        "weightedaveragenumberofdilutedsharesoutstanding": 52047035
    },
    {
        "date": "2024-03-30",
        "symbol": "AFRM",
        "period": "Q3",
        "revenuefromcontractwithcustomerexcludingassessedtax": 159292000,
        "interestanddividendincomeoperating": 315712000,
        "gainlossonsalesofloansnet": 40183000,
        "contractuallyspecifiedservicingfeeslatefeesandancillaryfeesearnedinexchangeforservicingfinancialassets": 25294000,
        "revenues": 576157000,
        "lossonfinancingreceivablecommitmentstopurchase": 44143000,
        "provisionforloanlossesexpensed": 122443000,
        "interestexpensedebt": 90449000,
        "processingandservicingexpense": 88209000,
        "technologyanddataanalyticsexpense": 124828000,
        "sellingandmarketingexpense": 132950000,
        "generalandadministrativeexpense": 128721000,
        "restructuringcharges": 5203000,
        "costsandexpenses": 736946000,
        "operatingincomeloss": -160789000,
        "othernonoperatingincomeexpense": 27743000,
        "incomelossfromcontinuingoperationsbeforeincometaxesextraordinaryitemsnoncontrollinginterest": -133046000,
        "incometaxexpensebenefit": 890000,
        "netincomeloss": -133936000,
        "othercomprehensiveincomeforeigncurrencytransactionandtranslationadjustmentnetoftaxportionattributabletoparent": -10879000,
        "othercomprehensiveincomeunrealizedholdinggainlossonsecuritiesarisingduringperiodnetoftax": -30000,
        "othercomprehensiveincomelosscashflowhedgegainlossbeforereclassificationaftertax": 750000,
        "othercomprehensiveincomelossnetoftaxportionattributabletoparent": -10159000,
        "comprehensiveincomenetoftax": -144095000,
        "earningspersharebasic": -0.43,
        "earningspersharediluted": -0.43,
        "weightedaveragenumberofsharesoutstandingbasic": 312626728,
        "weightedaveragenumberofdilutedsharesoutstanding": 312626728
    },
    {
        "date": "2023-12-30",
        "symbol": "AFRM",
        "period": "Q2",
        "revenuefromcontractwithcustomerexcludingassessedtax": 188357000,
        "interestanddividendincomeoperating": 288346000,
        "gainlossonsalesofloansnet": 52702000,
        "contractuallyspecifiedservicingfeeslatefeesandancillaryfeesearnedinexchangeforservicingfinancialassets": 22436000,
        "revenues": 591110000,
        "lossonfinancingreceivablecommitmentstopurchase": 53630000,
        "provisionforloanlossesexpensed": 120880000,
        "interestexpensedebt": 84617000,
        "processingandservicingexpense": 90203000,
        "technologyanddataanalyticsexpense": 119833000,
        "sellingandmarketingexpense": 161265000,
        "generalandadministrativeexpense": 132777000,
        "restructuringcharges": 56000,
        "costsandexpenses": 763261000,
        "operatingincomeloss": -172151000,
        "othernonoperatingincomeexpense": 4549000,
        "incomelossfromcontinuingoperationsbeforeincometaxesextraordinaryitemsnoncontrollinginterest": -167602000,
        "incometaxexpensebenefit": -700000,
        "netincomeloss": -166902000,
        "othercomprehensiveincomeforeigncurrencytransactionandtranslationadjustmentnetoftaxportionattributabletoparent": 13824000,
        "othercomprehensiveincomeunrealizedholdinggainlossonsecuritiesarisingduringperiodnetoftax": 4853000,
        "othercomprehensiveincomelosscashflowhedgegainlossbeforereclassificationaftertax": -614000,
        "othercomprehensiveincomelossnetoftaxportionattributabletoparent": 18063000,
        "comprehensiveincomenetoftax": -148839000,
        "earningspersharebasic": -0.54,
        "earningspersharediluted": -0.54,
        "weightedaveragenumberofsharesoutstandingbasic": 307571602,
        "weightedaveragenumberofdilutedsharesoutstanding": 307571602
    },
    {
        "date": "2023-09-29",
        "symbol": "AFRM",
        "period": "Q1",
        "revenuefromcontractwithcustomerexcludingassessedtax": 145950000,
        "interestanddividendincomeoperating": 262679000,
        "gainlossonsalesofloansnet": 34285000,
        "contractuallyspecifiedservicingfeeslatefeesandancillaryfeesearnedinexchangeforservicingfinancialassets": 20157000,
        "revenues": 496547000,
        "lossonfinancingreceivablecommitmentstopurchase": 34866000,
        "provisionforloanlossesexpensed": 99696000,
        "interestexpensedebt": 73931000,
        "processingandservicingexpense": 75671000,
        "technologyanddataanalyticsexpense": 132965000,
        "sellingandmarketingexpense": 146866000,
        "generalandadministrativeexpense": 140334000,
        "restructuringcharges": 1665000,
        "costsandexpenses": 705994000,
        "operatingincomeloss": -209447000,
        "othernonoperatingincomeexpense": 38707000,
        "incomelossfromcontinuingoperationsbeforeincometaxesextraordinaryitemsnoncontrollinginterest": -170740000,
        "incometaxexpensebenefit": 1043000,
        "netincomeloss": -171783000,
        "othercomprehensiveincomeforeigncurrencytransactionandtranslationadjustmentnetoftaxportionattributabletoparent": -11898000,
        "othercomprehensiveincomeunrealizedholdinggainlossonsecuritiesarisingduringperiodnetoftax": 1353000,
        "othercomprehensiveincomelosscashflowhedgegainlossbeforereclassificationaftertax": 763000,
        "othercomprehensiveincomelossnetoftaxportionattributabletoparent": -9782000,
        "comprehensiveincomenetoftax": -181565000,
        "earningspersharebasic": -0.57,
        "earningspersharediluted": -0.57,
        "weightedaveragenumberofsharesoutstandingbasic": 303839670,
        "weightedaveragenumberofdilutedsharesoutstanding": 303839670
    },
    {
        "date": "2023-03-30",
        "symbol": "AFRM",
        "period": "Q3",
        "revenuefromcontractwithcustomerexcludingassessedtax": 148482000,
        "interestanddividendincomeoperating": 178270000,
        "gainlossonsalesofloansnet": 32813000,
        "contractuallyspecifiedservicingfeeslatefeesandancillaryfeesearnedinexchangeforservicingfinancialassets": 21413000,
        "revenues": 380978000,
        "lossonfinancingreceivablecommitmentstopurchase": 31224000,
        "provisionforloanlossesexpensed": 66438000,
        "interestexpensedebt": 51188000,
        "processingandservicingexpense": 65229000,
        "technologyanddataanalyticsexpense": 161792000,
        "sellingandmarketingexpense": 140942000,
        "generalandadministrativeexpense": 139266000,
        "restructuringcharges": 34934000,
        "costsandexpenses": 691013000,
        "operatingincomeloss": -310035000,
        "othernonoperatingincomeexpense": 103522000,
        "incomelossfromcontinuingoperationsbeforeincometaxesextraordinaryitemsnoncontrollinginterest": -206513000,
        "incometaxexpensebenefit": -836000,
        "netincomeloss": -41584000,
        "othercomprehensiveincomeforeigncurrencytransactionandtranslationadjustmentnetoftaxportionattributabletoparent": 31000,
        "othercomprehensiveincomeunrealizedholdinggainlossonsecuritiesarisingduringperiodnetoftax": 4520000,
        "othercomprehensiveincomelossnetoftaxportionattributabletoparent": 4294000,
        "comprehensiveincomenetoftax": -201383000,
        "earningspersharebasic": -0.69,
        "earningspersharediluted": -0.69,
        "weightedaveragenumberofsharesoutstandingbasic": 60088662,
        "weightedaveragenumberofdilutedsharesoutstanding": 60088662,
        "othercomprehensiveincomelosscashflowhedgegainlossbeforereclassificationaftertax": -257000
    },
    {
        "date": "2022-12-30",
        "symbol": "AFRM",
        "period": "Q2",
        "revenuefromcontractwithcustomerexcludingassessedtax": 163136000,
        "interestanddividendincomeoperating": 155321000,
        "gainlossonsalesofloansnet": 59607000,
        "contractuallyspecifiedservicingfeeslatefeesandancillaryfeesearnedinexchangeforservicingfinancialassets": 21494000,
        "revenues": 48000,
        "lossonfinancingreceivablecommitmentstopurchase": 38422000,
        "provisionforloanlossesexpensed": 106689000,
        "interestexpensedebt": 43751000,
        "processingandservicingexpense": 66508000,
        "technologyanddataanalyticsexpense": 156747000,
        "sellingandmarketingexpense": 188334000,
        "generalandadministrativeexpense": 158639000,
        "costsandexpenses": 759090000,
        "operatingincomeloss": -359532000,
        "othernonoperatingincomeexpense": 35527000,
        "incomelossfromcontinuingoperationsbeforeincometaxesextraordinaryitemsnoncontrollinginterest": -324005000,
        "incometaxexpensebenefit": -1568000,
        "netincomeloss": -65986000,
        "othercomprehensiveincomeforeigncurrencytransactionandtranslationadjustmentnetoftaxportionattributabletoparent": 4522000,
        "othercomprehensiveincomeunrealizedholdinggainlossonsecuritiesarisingduringperiodnetoftax": 3069000,
        "othercomprehensiveincomelossnetoftaxportionattributabletoparent": 7591000,
        "comprehensiveincomenetoftax": -314846000,
        "earningspersharebasic": -1.1,
        "earningspersharediluted": -1.1,
        "weightedaveragenumberofsharesoutstandingbasic": 60101653,
        "weightedaveragenumberofdilutedsharesoutstanding": 60101653
    },
    {
        "date": "2022-09-29",
        "symbol": "AFRM",
        "period": "Q1",
        "revenuefromcontractwithcustomerexcludingassessedtax": 139857000,
        "interestanddividendincomeoperating": 136802000,
        "gainlossonsalesofloansnet": 63595000,
        "contractuallyspecifiedservicingfeeslatefeesandancillaryfeesearnedinexchangeforservicingfinancialassets": 21370000,
        "revenues": 25000,
        "lossonfinancingreceivablecommitmentstopurchase": 35610000,
        "provisionforloanlossesexpensed": 64250000,
        "interestexpensedebt": 25066000,
        "processingandservicingexpense": 54359000,
        "technologyanddataanalyticsexpense": 144961000,
        "sellingandmarketingexpense": 163873000,
        "generalandadministrativeexpense": 160972000,
        "costsandexpenses": 649091000,
        "operatingincomeloss": -287467000,
        "othernonoperatingincomeexpense": 36018000,
        "incomelossfromcontinuingoperationsbeforeincometaxesextraordinaryitemsnoncontrollinginterest": -251449000,
        "incometaxexpensebenefit": -180000,
        "netincomeloss": -51914000,
        "othercomprehensiveincomeforeigncurrencytransactionandtranslationadjustmentnetoftaxportionattributabletoparent": -21546000,
        "othercomprehensiveincomeunrealizedholdinggainlossonsecuritiesarisingduringperiodnetoftax": -5528000,
        "othercomprehensiveincomelossnetoftaxportionattributabletoparent": -27074000,
        "comprehensiveincomenetoftax": -278343000,
        "earningspersharebasic": -0.86,
        "earningspersharediluted": -0.86,
        "weightedaveragenumberofsharesoutstandingbasic": 60108225,
        "weightedaveragenumberofdilutedsharesoutstanding": 60108225
    },
    {
        "date": "2022-06-29",
        "symbol": "AFRM",
        "period": "Q4",
        "revenuefromcontractwithcustomerexcludingassessedtax": 149700000,
        "interestanddividendincomeoperating": 137624000,
        "gainlossonsalesofloansnet": 55282000,
        "contractuallyspecifiedservicingfeeslatefeesandancillaryfeesearnedinexchangeforservicingfinancialassets": 21528000,
        "revenues": -18227000,
        "lossonfinancingreceivablecommitmentstopurchase": 40285000,
        "provisionforloanlossesexpensed": 72691000,
        "interestexpensedebt": 19417000,
        "processingandservicingexpense": 47393000,
        "technologyanddataanalyticsexpense": 135350000,
        "sellingandmarketingexpense": 168693000,
        "generalandadministrativeexpense": 157531000,
        "costsandexpenses": 641360000,
        "operatingincomeloss": -277226000,
        "othernonoperatingincomeexpense": 72710000,
        "incomelossfromcontinuingoperationsbeforeincometaxesextraordinaryitemsnoncontrollinginterest": -204516000,
        "incometaxexpensebenefit": -18120000,
        "netincomeloss": -26494000,
        "othercomprehensiveincomeforeigncurrencytransactionandtranslationadjustmentnetoftaxportionattributabletoparent": -9845000,
        "othercomprehensiveincomeunrealizedholdinggainlossonsecuritiesarisingduringperiodnetoftax": -4981000,
        "othercomprehensiveincomelossnetoftaxportionattributabletoparent": -14826000,
        "comprehensiveincomenetoftax": -201222000,
        "earningspersharebasic": -0.6200000000000001,
        "earningspersharediluted": -0.6200000000000001,
        "weightedaveragenumberofsharesoutstandingbasic": -143620122,
        "weightedaveragenumberofdilutedsharesoutstanding": -143620122
    },
    {
        "date": "2022-03-30",
        "symbol": "AFRM",
        "period": "Q3",
        "revenuefromcontractwithcustomerexcludingassessedtax": 144223000,
        "interestanddividendincomeoperating": 134599000,
        "gainlossonsalesofloansnet": 52484000,
        "contractuallyspecifiedservicingfeeslatefeesandancillaryfeesearnedinexchangeforservicingfinancialassets": 23456000,
        "revenues": 56000,
        "lossonfinancingreceivablecommitmentstopurchase": 46853000,
        "provisionforloanlossesexpensed": 66294000,
        "interestexpensedebt": 15824000,
        "processingandservicingexpense": 43371000,
        "technologyanddataanalyticsexpense": 110291000,
        "sellingandmarketingexpense": 156214000,
        "generalandadministrativeexpense": 142466000,
        "costsandexpenses": 581313000,
        "operatingincomeloss": -226551000,
        "othernonoperatingincomeexpense": 172139000,
        "incomelossfromcontinuingoperationsbeforeincometaxesextraordinaryitemsnoncontrollinginterest": -54412000,
        "incometaxexpensebenefit": 259000,
        "netincomeloss": -11610000,
        "othercomprehensiveincomeforeigncurrencytransactionandtranslationadjustmentnetoftaxportionattributabletoparent": 5406000,
        "othercomprehensiveincomeunrealizedholdinggainlossonsecuritiesarisingduringperiodnetoftax": -2105000,
        "othercomprehensiveincomelossnetoftaxportionattributabletoparent": 3301000,
        "comprehensiveincomenetoftax": -51370000,
        "earningspersharebasic": -0.19,
        "earningspersharediluted": -0.19,
        "weightedaveragenumberofsharesoutstandingbasic": 60661222,
        "weightedaveragenumberofdilutedsharesoutstanding": 60661222
    },
    {
        "date": "2021-12-30",
        "symbol": "AFRM",
        "period": "Q2",
        "revenuefromcontractwithcustomerexcludingassessedtax": 153645000,
        "interestanddividendincomeoperating": 138355000,
        "gainlossonsalesofloansnet": 57690000,
        "contractuallyspecifiedservicingfeeslatefeesandancillaryfeesearnedinexchangeforservicingfinancialassets": 11321000,
        "revenues": 10525000,
        "lossonfinancingreceivablecommitmentstopurchase": 65265000,
        "provisionforloanlossesexpensed": 52640000,
        "interestexpensedebt": 17700000,
        "processingandservicingexpense": 41849000,
        "technologyanddataanalyticsexpense": 94989000,
        "sellingandmarketingexpense": 143476000,
        "generalandadministrativeexpense": 141292000,
        "costsandexpenses": 557211000,
        "operatingincomeloss": -196200000,
        "othernonoperatingincomeexpense": 36741000,
        "incomelossfromcontinuingoperationsbeforeincometaxesextraordinaryitemsnoncontrollinginterest": -159459000,
        "incometaxexpensebenefit": 276000,
        "netincomeloss": -38126000,
        "othercomprehensiveincomeforeigncurrencytransactionandtranslationadjustmentnetoftaxportionattributabletoparent": 2341000,
        "othercomprehensiveincomeunrealizedholdinggainlossonsecuritiesarisingduringperiodnetoftax": -657000,
        "othercomprehensiveincomelossnetoftaxportionattributabletoparent": 1684000,
        "comprehensiveincomenetoftax": -158051000,
        "earningspersharebasic": -0.57,
        "earningspersharediluted": -0.57,
        "weightedaveragenumberofsharesoutstandingbasic": 67198131,
        "weightedaveragenumberofdilutedsharesoutstanding": 67198131
    },
    {
        "date": "2021-09-29",
        "symbol": "AFRM",
        "period": "Q1",
        "revenuefromcontractwithcustomerexcludingassessedtax": 111639000,
        "interestanddividendincomeoperating": 117302000,
        "gainlossonsalesofloansnet": 30979000,
        "contractuallyspecifiedservicingfeeslatefeesandancillaryfeesearnedinexchangeforservicingfinancialassets": 9465000,
        "revenues": 7782000,
        "lossonfinancingreceivablecommitmentstopurchase": 51678000,
        "provisionforloanlossesexpensed": 63647000,
        "interestexpensedebt": 16753000,
        "processingandservicingexpense": 25201000,
        "technologyanddataanalyticsexpense": 78013000,
        "sellingandmarketingexpense": 63960000,
        "generalandadministrativeexpense": 136204000,
        "costsandexpenses": 435456000,
        "operatingincomeloss": -166071000,
        "othernonoperatingincomeexpense": -140373000,
        "incomelossfromcontinuingoperationsbeforeincometaxesextraordinaryitemsnoncontrollinginterest": -306444000,
        "incometaxexpensebenefit": 171000,
        "netincomeloss": -94533000,
        "othercomprehensiveincomeforeigncurrencytransactionandtranslationadjustmentnetoftaxportionattributabletoparent": -3802000,
        "othercomprehensiveincomeunrealizedholdinggainlossonsecuritiesarisingduringperiodnetoftax": -279000,
        "othercomprehensiveincomelossnetoftaxportionattributabletoparent": -4081000,
        "comprehensiveincomenetoftax": -310696000,
        "earningspersharebasic": -1.13,
        "earningspersharediluted": -1.13,
        "weightedaveragenumberofsharesoutstandingbasic": 83761061,
        "weightedaveragenumberofdilutedsharesoutstanding": 83761061
    },
    {
        "date": "2020-12-30",
        "symbol": "AFRM",
        "period": "Q2",
        "revenuefromcontractwithcustomerexcludingassessedtax": 99630000,
        "interestanddividendincomeoperating": 73857000,
        "gainlossonsalesofloansnet": 14560000,
        "contractuallyspecifiedservicingfeeslatefeesandancillaryfeesearnedinexchangeforservicingfinancialassets": 5174000,
        "revenues": 204041000,
        "lossonfinancingreceivablecommitmentstopurchase": 67768000,
        "provisionforloanlossesexpensed": 17468000,
        "interestexpensedebt": 12060000,
        "processingandservicingexpense": 16802000,
        "technologyanddataanalyticsexpense": 41634000,
        "sellingandmarketingexpense": 39112000,
        "generalandadministrativeexpense": 40916000,
        "costsandexpenses": 235760000,
        "operatingincomeloss": -31719000,
        "othernonoperatingincomeexpense": 240000,
        "incomelossfromcontinuingoperationsbeforeincometaxesextraordinaryitemsnoncontrollinginterest": -31479000,
        "incometaxexpensebenefit": 78000,
        "netincomeloss": -31557000,
        "netincomelossavailabletocommonstockholdersbasic": -31557000,
        "othercomprehensiveincomeforeigncurrencytransactionandtranslationadjustmentnetoftaxportionattributabletoparent": 1834000,
        "othercomprehensiveincomelossnetoftaxportionattributabletoparent": 1834000,
        "comprehensiveincomenetoftax": -29723000,
        "earningspersharebasic": -0.45,
        "earningspersharediluted": -0.45,
        "weightedaveragenumberofsharesoutstandingbasic": 70801521,
        "weightedaveragenumberofdilutedsharesoutstanding": 70801521
    }
]