[
    {
        "date": "2024-09-29",
        "symbol": "PH",
        "period": "Q1",
        "revenuefromcontractwithcustomerexcludingassessedtax": 4903984000,
        "costofgoodsandservicessold": 3097719000,
        "sellinggeneralandadministrativeexpense": 48794000,
        "interestexpensenonoperating": 113091000,
        "othernonoperatingincomeexpense": 30801000,
        "incomelossfromcontinuingoperationsbeforeincometaxesextraordinaryitemsnoncontrollinginterest": 875186000,
        "incometaxexpensebenefit": -1180000,
        "profitloss": -3451000,
        "netincomelossattributabletononcontrollinginterest": 108000,
        "netincomelossavailabletocommonstockholdersbasic": 698420000,
        "earningspersharebasic": 5.43,
        "earningspersharediluted": 5.34,
        "othercomprehensiveincomelossforeigncurrencytransactionandtranslationadjustmentnetoftax": 344546000,
        "othercomprehensiveincomelosspensionandotherpostretirementbenefitplansadjustmentnetoftax": -3451000,
        "othercomprehensiveincomelossnetoftax": 347997000,
        "othercomprehensiveincomelossnetoftaxportionattributabletononcontrollinginterest": 420000,
        "othercomprehensiveincomelossnetoftaxportionattributabletoparent": 347577000,
        "comprehensiveincomenetoftax": 1045997000
    },
    {
        "date": "2024-06-29",
        "symbol": "PH",
        "period": "Q4",
        "revenuefromcontractwithcustomerexcludingassessedtax": 5186815000,
        "costofgoodsandservicessold": 3322855000,
        "sellinggeneralandadministrativeexpense": -2278518000,
        "othernonoperatingincomeexpense": -235117000,
        "incomelossfromcontinuingoperationsbeforeincometaxesextraordinaryitemsnoncontrollinginterest": 985960000,
        "incometaxexpensebenefit": -550706000,
        "profitloss": -2065459000,
        "netincomelossattributabletononcontrollinginterest": 110000,
        "earningspersharebasic": 6.099999999999998,
        "earningspersharediluted": 6.0600000000000005,
        "othercomprehensiveincomelossforeigncurrencytransactionandtranslationadjustmentnetoftax": -48568000,
        "othercomprehensiveincomelosspensionandotherpostretirementbenefitplansadjustmentnetoftax": -18715000,
        "othercomprehensiveincomelossnetoftax": -29853000,
        "othercomprehensiveincomelossnetoftaxportionattributabletononcontrollinginterest": -215000,
        "othercomprehensiveincomelossnetoftaxportionattributabletoparent": -29638000,
        "comprehensiveincomenetoftax": 755325000
    },
    {
        "date": "2024-03-30",
        "symbol": "PH",
        "period": "Q3",
        "revenuefromcontractwithcustomerexcludingassessedtax": 5074356000,
        "costofgoodsandservicessold": 3279650000,
        "sellinggeneralandadministrativeexpense": 816337000,
        "interestexpense": 123732000,
        "othernonoperatingincomeexpense": 65406000,
        "incomelossfromcontinuingoperationsbeforeincometaxesextraordinaryitemsnoncontrollinginterest": 920043000,
        "incometaxexpensebenefit": 193309000,
        "profitloss": 726734000,
        "netincomelossattributabletononcontrollinginterest": 160000,
        "netincomelossavailabletocommonstockholdersbasic": 726574000,
        "earningspersharebasic": 5.65,
        "earningspersharediluted": 5.56,
        "othercomprehensiveincomelossforeigncurrencytransactionandtranslationadjustmentnetoftax": -168919000,
        "othercomprehensiveincomelosspensionandotherpostretirementbenefitplansadjustmentnetoftax": -1369000,
        "othercomprehensiveincomelossnetoftax": -167550000,
        "othercomprehensiveincomelossnetoftaxportionattributabletononcontrollinginterest": -392000,
        "othercomprehensiveincomelossnetoftaxportionattributabletoparent": -167158000,
        "comprehensiveincomenetoftax": 559416000
    },
    {
        "date": "2023-12-30",
        "symbol": "PH",
        "period": "Q2",
        "revenuefromcontractwithcustomerexcludingassessedtax": 4820947000,
        "costofgoodsandservicessold": 3101962000,
        "sellinggeneralandadministrativeexpense": 806802000,
        "interestexpense": 129029000,
        "othernonoperatingincomeexpense": 85011000,
        "incomelossfromcontinuingoperationsbeforeincometaxesextraordinaryitemsnoncontrollinginterest": 868165000,
        "incometaxexpensebenefit": 186108000,
        "profitloss": 682057000,
        "netincomelossattributabletononcontrollinginterest": 206000,
        "netincomelossavailabletocommonstockholdersbasic": 681851000,
        "earningspersharebasic": 5.31,
        "earningspersharediluted": 5.23,
        "othercomprehensiveincomelossforeigncurrencytransactionandtranslationadjustmentnetoftax": 272235000,
        "othercomprehensiveincomelosspensionandotherpostretirementbenefitplansadjustmentnetoftax": -1911000,
        "othercomprehensiveincomelossnetoftax": 274146000,
        "othercomprehensiveincomelossnetoftaxportionattributabletononcontrollinginterest": 415000,
        "othercomprehensiveincomelossnetoftaxportionattributabletoparent": 273731000,
        "comprehensiveincomenetoftax": 955582000
    },
    {
        "date": "2023-09-29",
        "symbol": "PH",
        "period": "Q1",
        "revenuefromcontractwithcustomerexcludingassessedtax": 4847488000,
        "costofgoodsandservicessold": 3097349000,
        "sellinggeneralandadministrativeexpense": 873691000,
        "interestexpense": 134468000,
        "othernonoperatingincomeexpense": 78455000,
        "incomelossfromcontinuingoperationsbeforeincometaxesextraordinaryitemsnoncontrollinginterest": 820435000,
        "incometaxexpensebenefit": 169363000,
        "profitloss": 651072000,
        "netincomelossattributabletononcontrollinginterest": 245000,
        "netincomelossavailabletocommonstockholdersbasic": 650827000,
        "earningspersharebasic": 5.07,
        "earningspersharediluted": 4.99,
        "othercomprehensiveincomelossforeigncurrencytransactionandtranslationadjustmentnetoftax": -222532000,
        "othercomprehensiveincomelosspensionandotherpostretirementbenefitplansadjustmentnetoftax": -818000,
        "othercomprehensiveincomelossnetoftax": -221714000,
        "othercomprehensiveincomelossnetoftaxportionattributabletononcontrollinginterest": 361000,
        "othercomprehensiveincomelossnetoftaxportionattributabletoparent": -222075000,
        "comprehensiveincomenetoftax": 428752000
    },
    {
        "date": "2023-03-30",
        "symbol": "PH",
        "period": "Q3",
        "revenuefromcontractwithcustomerexcludingassessedtax": 5061665000,
        "costofgoodsandservicessold": 3340764000,
        "sellinggeneralandadministrativeexpense": 45780000,
        "interestexpense": 151993000,
        "othernonoperatingincomeexpense": 587000,
        "incomelossfromcontinuingoperationsbeforeincometaxesextraordinaryitemsnoncontrollinginterest": 1417000,
        "incometaxexpensebenefit": 53000,
        "profitloss": 1364000,
        "netincomelossattributabletononcontrollinginterest": 71000,
        "netincomelossavailabletocommonstockholdersbasic": 590889000,
        "earningspersharebasic": 4.61,
        "earningspersharediluted": 4.54,
        "othercomprehensiveincomelossforeigncurrencytransactionandtranslationadjustmentnetoftax": 92106000,
        "othercomprehensiveincomelosspensionandotherpostretirementbenefitplansadjustmentnetoftax": 1364000,
        "othercomprehensiveincomelossnetoftax": -299000,
        "othercomprehensiveincomelossnetoftaxportionattributabletononcontrollinginterest": -299000,
        "othercomprehensiveincomelossnetoftaxportionattributabletoparent": 91041000,
        "comprehensiveincomenetoftax": 681930000
    },
    {
        "date": "2022-12-30",
        "symbol": "PH",
        "period": "Q2",
        "revenuefromcontractwithcustomerexcludingassessedtax": 4674811000,
        "costofgoodsandservicessold": 3236812000,
        "sellinggeneralandadministrativeexpense": 48901000,
        "interestexpense": 146931000,
        "othernonoperatingincomeexpense": -6369000,
        "incomelossfromcontinuingoperationsbeforeincometaxesextraordinaryitemsnoncontrollinginterest": -6611000,
        "incometaxexpensebenefit": -1621000,
        "profitloss": -4990000,
        "netincomelossattributabletononcontrollinginterest": 224000,
        "netincomelossavailabletocommonstockholdersbasic": 395237000,
        "earningspersharebasic": 3.08,
        "earningspersharediluted": 3.04,
        "othercomprehensiveincomelossforeigncurrencytransactionandtranslationadjustmentnetoftax": 360374000,
        "othercomprehensiveincomelosspensionandotherpostretirementbenefitplansadjustmentnetoftax": -4990000,
        "othercomprehensiveincomelossnetoftax": 1253000,
        "othercomprehensiveincomelossnetoftaxportionattributabletononcontrollinginterest": 1253000,
        "othercomprehensiveincomelossnetoftaxportionattributabletoparent": 364111000,
        "comprehensiveincomenetoftax": 759348000
    },
    {
        "date": "2022-09-29",
        "symbol": "PH",
        "period": "Q1",
        "revenuefromcontractwithcustomerexcludingassessedtax": 4232775000,
        "costofgoodsandservicessold": 2795456000,
        "sellinggeneralandadministrativeexpense": 51660000,
        "interestexpense": 117794000,
        "othernonoperatingincomeexpense": -6110000,
        "incomelossfromcontinuingoperationsbeforeincometaxesextraordinaryitemsnoncontrollinginterest": -6320000,
        "incometaxexpensebenefit": -1549000,
        "profitloss": -4771000,
        "netincomelossattributabletononcontrollinginterest": 183000,
        "netincomelossavailabletocommonstockholdersbasic": 387854000,
        "earningspersharebasic": 3.02,
        "earningspersharediluted": 2.98,
        "othercomprehensiveincomelossforeigncurrencytransactionandtranslationadjustmentnetoftax": -306483000,
        "othercomprehensiveincomelosspensionandotherpostretirementbenefitplansadjustmentnetoftax": -4771000,
        "othercomprehensiveincomelossnetoftax": -1130000,
        "othercomprehensiveincomelossnetoftaxportionattributabletononcontrollinginterest": -1130000,
        "othercomprehensiveincomelossnetoftaxportionattributabletoparent": -300582000,
        "comprehensiveincomenetoftax": 87272000
    },
    {
        "date": "2022-06-29",
        "symbol": "PH",
        "period": "Q4",
        "revenuefromcontractwithcustomerexcludingassessedtax": 5502800000,
        "costofgoodsandservicessold": 2980654000,
        "sellinggeneralandadministrativeexpense": 70635000,
        "interestexpense": 71270000,
        "othernonoperatingincomeexpense": -39060000,
        "incomelossfromcontinuingoperationsbeforeincometaxesextraordinaryitemsnoncontrollinginterest": -40081000,
        "incometaxexpensebenefit": -9783000,
        "profitloss": -30298000,
        "netincomelossattributabletononcontrollinginterest": 75000,
        "earningspersharebasic": 1.0099999999999998,
        "earningspersharediluted": 0.9999999999999991,
        "othercomprehensiveincomelossforeigncurrencytransactionandtranslationadjustmentnetoftax": -228001000,
        "othercomprehensiveincomelosspensionandotherpostretirementbenefitplansadjustmentnetoftax": -215399000,
        "othercomprehensiveincomelossnetoftax": -664000,
        "othercomprehensiveincomelossnetoftaxportionattributabletononcontrollinginterest": -664000,
        "othercomprehensiveincomelossnetoftaxportionattributabletoparent": -11938000,
        "comprehensiveincomenetoftax": 116893000
    },
    {
        "date": "2022-03-30",
        "symbol": "PH",
        "period": "Q3",
        "revenuefromcontractwithcustomerexcludingassessedtax": 51639000,
        "costofgoodsandservicessold": 2927991000,
        "sellinggeneralandadministrativeexpense": 57405000,
        "interestexpense": 63272000,
        "othernonoperatingincomeexpense": -39292000,
        "incomelossfromcontinuingoperationsbeforeincometaxesextraordinaryitemsnoncontrollinginterest": -40322000,
        "incometaxexpensebenefit": -9867000,
        "profitloss": -30455000,
        "netincomelossattributabletononcontrollinginterest": 71000,
        "netincomelossavailabletocommonstockholdersbasic": 348017000,
        "earningspersharebasic": 2.71,
        "earningspersharediluted": 2.67,
        "othercomprehensiveincomelossforeigncurrencytransactionandtranslationadjustmentnetoftax": -16898000,
        "othercomprehensiveincomelosspensionandotherpostretirementbenefitplansadjustmentnetoftax": -30455000,
        "othercomprehensiveincomelossnetoftax": -276000,
        "othercomprehensiveincomelossnetoftaxportionattributabletononcontrollinginterest": -276000,
        "othercomprehensiveincomelossnetoftaxportionattributabletoparent": 13833000,
        "comprehensiveincomenetoftax": 361850000
    },
    {
        "date": "2021-12-30",
        "symbol": "PH",
        "period": "Q2",
        "revenuefromcontractwithcustomerexcludingassessedtax": 43146000,
        "costofgoodsandservicessold": 2764725000,
        "sellinggeneralandadministrativeexpense": 42587000,
        "interestexpense": 61360000,
        "othernonoperatingincomeexpense": -41057000,
        "incomelossfromcontinuingoperationsbeforeincometaxesextraordinaryitemsnoncontrollinginterest": -42181000,
        "incometaxexpensebenefit": -10322000,
        "profitloss": -31859000,
        "netincomelossattributabletononcontrollinginterest": 129000,
        "netincomelossavailabletocommonstockholdersbasic": 387600000,
        "earningspersharebasic": 3.02,
        "earningspersharediluted": 2.97,
        "othercomprehensiveincomelossforeigncurrencytransactionandtranslationadjustmentnetoftax": 28491000,
        "othercomprehensiveincomelosspensionandotherpostretirementbenefitplansadjustmentnetoftax": -31859000,
        "othercomprehensiveincomelossnetoftax": -47000,
        "othercomprehensiveincomelossnetoftaxportionattributabletononcontrollinginterest": -47000,
        "othercomprehensiveincomelossnetoftaxportionattributabletoparent": 60397000,
        "comprehensiveincomenetoftax": 447997000
    },
    {
        "date": "2021-09-29",
        "symbol": "PH",
        "period": "Q1",
        "revenuefromcontractwithcustomerexcludingassessedtax": 47731000,
        "costofgoodsandservicessold": 2713897000,
        "sellinggeneralandadministrativeexpense": 49072000,
        "interestexpense": 59350000,
        "othernonoperatingincomeexpense": -37503000,
        "incomelossfromcontinuingoperationsbeforeincometaxesextraordinaryitemsnoncontrollinginterest": -38439000,
        "incometaxexpensebenefit": -9417000,
        "profitloss": -29022000,
        "netincomelossattributabletononcontrollinginterest": 306000,
        "netincomelossavailabletocommonstockholdersbasic": 451157000,
        "earningspersharebasic": 3.5,
        "earningspersharediluted": 3.45,
        "othercomprehensiveincomelossforeigncurrencytransactionandtranslationadjustmentnetoftax": -68324000,
        "othercomprehensiveincomelosspensionandotherpostretirementbenefitplansadjustmentnetoftax": -29022000,
        "othercomprehensiveincomelossnetoftax": -539000,
        "othercomprehensiveincomelossnetoftaxportionattributabletononcontrollinginterest": -539000,
        "othercomprehensiveincomelossnetoftaxportionattributabletoparent": -38763000,
        "comprehensiveincomenetoftax": 412394000
    },
    {
        "date": "2021-06-29",
        "symbol": "PH",
        "period": "Q4",
        "revenuefromcontractwithcustomerexcludingassessedtax": 49639000,
        "costofgoodsandservicessold": -14815000,
        "sellinggeneralandadministrativeexpense": 54883000,
        "interestexpense": 60258000,
        "othernonoperatingincomeexpense": -51656000,
        "incomelossfromcontinuingoperationsbeforeincometaxesextraordinaryitemsnoncontrollinginterest": -53384000,
        "incometaxexpensebenefit": -13020000,
        "profitloss": -40364000,
        "netincomelossattributabletononcontrollinginterest": 176000,
        "earningspersharebasic": -9.51,
        "earningspersharediluted": -9.360000000000001,
        "othercomprehensiveincomelossforeigncurrencytransactionandtranslationadjustmentnetoftax": 46252000,
        "othercomprehensiveincomelosspensionandotherpostretirementbenefitplansadjustmentnetoftax": -543217000,
        "othercomprehensiveincomelossnetoftax": -94000,
        "othercomprehensiveincomelossnetoftaxportionattributabletononcontrollinginterest": -94000,
        "othercomprehensiveincomelossnetoftaxportionattributabletoparent": 589563000,
        "comprehensiveincomenetoftax": -1628959000
    },
    {
        "date": "2021-03-30",
        "symbol": "PH",
        "period": "Q3",
        "revenuefromcontractwithcustomerexcludingassessedtax": 3746326000,
        "costofgoodsandservicessold": 2714773000,
        "sellinggeneralandadministrativeexpense": 386831000,
        "interestexpense": 60830000,
        "othernonoperatingincomeexpense": 13460000,
        "incomelossfromcontinuingoperationsbeforeincometaxesextraordinaryitemsnoncontrollinginterest": 597352000,
        "incometaxexpensebenefit": 125619000,
        "profitloss": 471733000,
        "netincomelossattributabletononcontrollinginterest": 86000,
        "netincomelossavailabletocommonstockholdersbasic": 471647000,
        "earningspersharebasic": 3.65,
        "earningspersharediluted": 3.59,
        "othercomprehensiveincomelossforeigncurrencytransactionandtranslationadjustmentnetoftax": -65970000,
        "othercomprehensiveincomelosspensionandotherpostretirementbenefitplansadjustmentnetoftax": -39723000,
        "othercomprehensiveincomelossnetoftax": -26247000,
        "othercomprehensiveincomelossnetoftaxportionattributabletononcontrollinginterest": -463000,
        "othercomprehensiveincomelossnetoftaxportionattributabletoparent": -25784000,
        "comprehensiveincomenetoftax": 445863000
    },
    {
        "date": "2020-12-30",
        "symbol": "PH",
        "period": "Q2",
        "revenuefromcontractwithcustomerexcludingassessedtax": 3411905000,
        "costofgoodsandservicessold": 2519545000,
        "sellinggeneralandadministrativeexpense": 356572000,
        "interestexpense": 62990000,
        "othernonoperatingincomeexpense": 103714000,
        "incomelossfromcontinuingoperationsbeforeincometaxesextraordinaryitemsnoncontrollinginterest": 576512000,
        "incometaxexpensebenefit": 129015000,
        "profitloss": 447497000,
        "netincomelossattributabletononcontrollinginterest": 191000,
        "netincomelossavailabletocommonstockholdersbasic": 447306000,
        "earningspersharebasic": 3.47,
        "earningspersharediluted": 3.41,
        "othercomprehensiveincomelossforeigncurrencytransactionandtranslationadjustmentnetoftax": 217828000,
        "othercomprehensiveincomelosspensionandotherpostretirementbenefitplansadjustmentnetoftax": -40984000,
        "othercomprehensiveincomelossnetoftax": 258812000,
        "othercomprehensiveincomelossnetoftaxportionattributabletononcontrollinginterest": 846000,
        "othercomprehensiveincomelossnetoftaxportionattributabletoparent": 257966000,
        "comprehensiveincomenetoftax": 705272000
    },
    {
        "date": "2020-09-29",
        "symbol": "PH",
        "period": "Q1",
        "profitloss": 321717000,
        "netincomelossattributabletononcontrollinginterest": 308000,
        "netincomelossavailabletocommonstockholdersbasic": 321409000,
        "othercomprehensiveincomelossforeigncurrencytransactionandtranslationadjustmentnetoftax": 130682000,
        "othercomprehensiveincomelosspensionandotherpostretirementbenefitplansadjustmentnetoftax": -40152000,
        "othercomprehensiveincomelossnetoftax": 170834000,
        "othercomprehensiveincomelossnetoftaxportionattributabletononcontrollinginterest": 431000,
        "othercomprehensiveincomelossnetoftaxportionattributabletoparent": 170403000,
        "comprehensiveincomenetoftax": 491812000,
        "revenuefromcontractwithcustomerexcludingassessedtax": 3230540000,
        "costofgoodsandservicessold": 2384328000,
        "sellinggeneralandadministrativeexpense": 369851000,
        "interestexpense": 65958000,
        "othernonoperatingincomeexpense": 4892000,
        "incomelossfromcontinuingoperationsbeforeincometaxesextraordinaryitemsnoncontrollinginterest": 415295000,
        "incometaxexpensebenefit": 93578000,
        "earningspersharebasic": 2.5,
        "earningspersharediluted": 2.47
    },
    {
        "date": "2020-06-29",
        "symbol": "PH",
        "period": "Q4",
        "profitloss": 295695000,
        "netincomelossattributabletononcontrollinginterest": -21000,
        "othercomprehensiveincomelossforeigncurrencytransactionandtranslationadjustmentnetoftax": 50997000,
        "othercomprehensiveincomelosspensionandotherpostretirementbenefitplansadjustmentnetoftax": 414113000,
        "othercomprehensiveincomelossnetoftax": -363116000,
        "othercomprehensiveincomelossnetoftaxportionattributabletononcontrollinginterest": 297000,
        "othercomprehensiveincomelossnetoftaxportionattributabletoparent": -363413000,
        "comprehensiveincomenetoftax": -67697000,
        "revenuefromcontractwithcustomerexcludingassessedtax": 3160603000,
        "costofgoodsandservicessold": 2357319000,
        "sellinggeneralandadministrativeexpense": 352793000,
        "interestexpense": 74549000,
        "othernonoperatingincomeexpense": -6601000,
        "incomelossfromcontinuingoperationsbeforeincometaxesextraordinaryitemsnoncontrollinginterest": 370568000,
        "incometaxexpensebenefit": 74873000,
        "earningspersharebasic": 2.300000000000001,
        "earningspersharediluted": 2.2899999999999987
    },
    {
        "date": "2020-03-30",
        "symbol": "PH",
        "period": "Q3",
        "profitloss": 367369000,
        "netincomelossattributabletononcontrollinginterest": 116000,
        "netincomelossavailabletocommonstockholdersbasic": 367253000,
        "othercomprehensiveincomelossforeigncurrencytransactionandtranslationadjustmentnetoftax": -282815000,
        "othercomprehensiveincomelosspensionandotherpostretirementbenefitplansadjustmentnetoftax": -32125000,
        "othercomprehensiveincomelossnetoftax": -250690000,
        "othercomprehensiveincomelossnetoftaxportionattributabletononcontrollinginterest": -960000,
        "othercomprehensiveincomelossnetoftaxportionattributabletoparent": -249730000,
        "comprehensiveincomenetoftax": 117523000,
        "revenuefromcontractwithcustomerexcludingassessedtax": 3702432000,
        "costofgoodsandservicessold": 2766693000,
        "sellinggeneralandadministrativeexpense": 413460000,
        "interestexpense": 80765000,
        "othernonoperatingincomeexpense": 12643000,
        "incomelossfromcontinuingoperationsbeforeincometaxesextraordinaryitemsnoncontrollinginterest": 454157000,
        "incometaxexpensebenefit": 86788000,
        "earningspersharebasic": 2.86,
        "earningspersharediluted": 2.83
    },
    {
        "date": "2019-12-30",
        "symbol": "PH",
        "period": "Q2",
        "profitloss": 204598000,
        "netincomelossattributabletononcontrollinginterest": 124000,
        "netincomelossavailabletocommonstockholdersbasic": 204474000,
        "othercomprehensiveincomelossforeigncurrencytransactionandtranslationadjustmentnetoftax": 151583000,
        "othercomprehensiveincomelosspensionandotherpostretirementbenefitplansadjustmentnetoftax": -33416000,
        "othercomprehensiveincomelossnetoftax": 184999000,
        "othercomprehensiveincomelossnetoftaxportionattributabletononcontrollinginterest": 137000,
        "othercomprehensiveincomelossnetoftaxportionattributabletoparent": 184862000,
        "comprehensiveincomenetoftax": 389336000,
        "revenuefromcontractwithcustomerexcludingassessedtax": 3497974000,
        "costofgoodsandservicessold": 2682765000,
        "sellinggeneralandadministrativeexpense": 491121000,
        "interestexpense": 82891000,
        "othernonoperatingincomeexpense": 13549000,
        "incomelossfromcontinuingoperationsbeforeincometaxesextraordinaryitemsnoncontrollinginterest": 254746000,
        "incometaxexpensebenefit": 50148000,
        "earningspersharebasic": 1.59,
        "earningspersharediluted": 1.57
    },
    {
        "date": "2019-09-29",
        "symbol": "PH",
        "period": "Q1",
        "profitloss": 339041000,
        "netincomelossattributabletononcontrollinginterest": 143000,
        "netincomelossavailabletocommonstockholdersbasic": 338898000,
        "othercomprehensiveincomelossforeigncurrencytransactionandtranslationadjustmentnetoftax": -102722000,
        "othercomprehensiveincomelosspensionandotherpostretirementbenefitplansadjustmentnetoftax": -31026000,
        "othercomprehensiveincomelossnetoftax": -71696000,
        "othercomprehensiveincomelossnetoftaxportionattributabletononcontrollinginterest": -150000,
        "othercomprehensiveincomelossnetoftaxportionattributabletoparent": -71546000,
        "comprehensiveincomenetoftax": 267352000,
        "revenuefromcontractwithcustomerexcludingassessedtax": 3334511000,
        "costofgoodsandservicessold": 2479741000,
        "sellinggeneralandadministrativeexpense": 399179000,
        "interestexpense": 69956000,
        "othernonoperatingincomeexpense": 47521000,
        "incomelossfromcontinuingoperationsbeforeincometaxesextraordinaryitemsnoncontrollinginterest": 433156000,
        "incometaxexpensebenefit": 94115000,
        "earningspersharebasic": 2.64,
        "earningspersharediluted": 2.6
    },
    {
        "date": "2019-06-29",
        "symbol": "PH",
        "period": "Q4",
        "profitloss": 414047000,
        "netincomelossattributabletononcontrollinginterest": 70000,
        "othercomprehensiveincomelosspensionandotherpostretirementbenefitplansadjustmentnetoftax": 299997000,
        "othercomprehensiveincomelossnetoftax": -283111000,
        "othercomprehensiveincomelossnetoftaxportionattributabletononcontrollinginterest": 43000,
        "othercomprehensiveincomelossnetoftaxportionattributabletoparent": -330133000,
        "comprehensiveincomenetoftax": 83535000,
        "revenuefromcontractwithcustomerexcludingassessedtax": 4949872000,
        "costofgoodsandservicessold": 8118486000,
        "sellinggeneralandadministrativeexpense": 1157880000,
        "interestexpense": 50072000,
        "othernonoperatingincomeexpense": 107793000,
        "incomelossfromcontinuingoperationsbeforeincometaxesextraordinaryitemsnoncontrollinginterest": 513348000,
        "incometaxexpensebenefit": 352079000,
        "earningspersharebasic": 3.1999999999999993,
        "earningspersharediluted": 3.1900000000000004
    },
    {
        "date": "2019-03-30",
        "symbol": "PH",
        "period": "Q3",
        "profitloss": 411248000,
        "netincomelossattributabletononcontrollinginterest": 133000,
        "netincomelossavailabletocommonstockholdersbasic": 411248000,
        "othercomprehensiveincomelossforeigncurrencytransactionandtranslationadjustmentnetoftax": 42812000,
        "othercomprehensiveincomelosspensionandotherpostretirementbenefitplansadjustmentnetoftax": -23814000,
        "othercomprehensiveincomelossnetoftax": 44000,
        "othercomprehensiveincomelossnetoftaxportionattributabletononcontrollinginterest": 44000,
        "othercomprehensiveincomelossnetoftaxportionattributabletoparent": 66582000,
        "comprehensiveincomenetoftax": 477830000,
        "revenuefromcontractwithcustomerexcludingassessedtax": 3035420000,
        "costofgoodsandservicessold": -5204000,
        "sellinggeneralandadministrativeexpense": -4138000,
        "interestexpense": 48209000,
        "othernonoperatingincomeexpense": -29763000,
        "incomelossfromcontinuingoperationsbeforeincometaxesextraordinaryitemsnoncontrollinginterest": 529200000,
        "incometaxexpensebenefit": -7588000,
        "earningspersharebasic": 3.2,
        "earningspersharediluted": 3.14
    },
    {
        "date": "2018-12-30",
        "symbol": "PH",
        "period": "Q2",
        "profitloss": 311737000,
        "netincomelossattributabletononcontrollinginterest": 176000,
        "netincomelossavailabletocommonstockholdersbasic": 311737000,
        "othercomprehensiveincomelossforeigncurrencytransactionandtranslationadjustmentnetoftax": -43986000,
        "othercomprehensiveincomelosspensionandotherpostretirementbenefitplansadjustmentnetoftax": -24527000,
        "othercomprehensiveincomelossnetoftax": 55000,
        "othercomprehensiveincomelossnetoftaxportionattributabletononcontrollinginterest": 55000,
        "othercomprehensiveincomelossnetoftaxportionattributabletoparent": -19514000,
        "comprehensiveincomenetoftax": 292223000,
        "revenuefromcontractwithcustomerexcludingassessedtax": 2855738000,
        "costofgoodsandservicessold": -4621000,
        "sellinggeneralandadministrativeexpense": -4125000,
        "interestexpense": 47518000,
        "othernonoperatingincomeexpense": -30696000,
        "incomelossfromcontinuingoperationsbeforeincometaxesextraordinaryitemsnoncontrollinginterest": 431154000,
        "incometaxexpensebenefit": -7821000,
        "earningspersharebasic": 2.39,
        "earningspersharediluted": 2.36
    },
    {
        "date": "2018-09-29",
        "symbol": "PH",
        "period": "Q1",
        "profitloss": 375899000,
        "netincomelossattributabletononcontrollinginterest": 188000,
        "netincomelossavailabletocommonstockholdersbasic": 375711000,
        "othercomprehensiveincomelossforeigncurrencytransactionandtranslationadjustmentnetoftax": -35125000,
        "othercomprehensiveincomelosspensionandotherpostretirementbenefitplansadjustmentnetoftax": -23873000,
        "othercomprehensiveincomelossnetoftax": -11163000,
        "othercomprehensiveincomelossnetoftaxportionattributabletononcontrollinginterest": -89000,
        "othercomprehensiveincomelossnetoftaxportionattributabletoparent": -11163000,
        "comprehensiveincomenetoftax": 364548000,
        "revenuefromcontractwithcustomerexcludingassessedtax": 3479294000,
        "costofgoodsandservicessold": 2594823000,
        "sellinggeneralandadministrativeexpense": 394322000,
        "interestexpense": 44339000,
        "othernonoperatingincomeexpense": 13913000,
        "incomelossfromcontinuingoperationsbeforeincometaxesextraordinaryitemsnoncontrollinginterest": 459723000,
        "incometaxexpensebenefit": 83824000,
        "earningspersharebasic": 2.84,
        "earningspersharediluted": 2.79
    },
    {
        "date": "2018-06-29",
        "symbol": "PH",
        "period": "Q4",
        "profitloss": 353118000,
        "netincomelossattributabletononcontrollinginterest": 72000,
        "othercomprehensiveincomelosspensionandotherpostretirementbenefitplansadjustmentnetoftax": -98988000,
        "othercomprehensiveincomelossnetoftax": -275518000,
        "othercomprehensiveincomelossnetoftaxportionattributabletononcontrollinginterest": -375000,
        "othercomprehensiveincomelossnetoftaxportionattributabletoparent": -114047000,
        "comprehensiveincomenetoftax": 239209000,
        "costofgoodsandservicessold": -7951956000,
        "sellinggeneralandadministrativeexpense": -519752000,
        "interestexpense": 53040000,
        "othernonoperatingincomeexpense": -12685000,
        "incomelossfromcontinuingoperationsbeforeincometaxesextraordinaryitemsnoncontrollinginterest": 497927000,
        "incometaxexpensebenefit": 144599000,
        "earningspersharebasic": 2.6700000000000004,
        "earningspersharediluted": 2.6199999999999997
    },
    {
        "date": "2018-03-30",
        "symbol": "PH",
        "period": "Q3",
        "profitloss": 365989000,
        "netincomelossattributabletononcontrollinginterest": 141000,
        "netincomelossavailabletocommonstockholdersbasic": 365989000,
        "othercomprehensiveincomelossforeigncurrencytransactionandtranslationadjustmentnetoftax": 93567000,
        "othercomprehensiveincomelosspensionandotherpostretirementbenefitplansadjustmentnetoftax": -25218000,
        "othercomprehensiveincomelossnetoftax": 118690000,
        "othercomprehensiveincomelossnetoftaxportionattributabletononcontrollinginterest": 95000,
        "othercomprehensiveincomelossnetoftaxportionattributabletoparent": 118690000,
        "comprehensiveincomenetoftax": 484679000,
        "salesrevenuenet": 1761845000,
        "costofgoodsandservicessold": 2825008000,
        "sellinggeneralandadministrativeexpense": 54138000,
        "interestexpense": 54145000,
        "othernonoperatingincomeexpense": 19984000,
        "incomelossfromcontinuingoperationsbeforeincometaxesextraordinaryitemsnoncontrollinginterest": 469827000,
        "incometaxexpensebenefit": 103697000,
        "earningspersharebasic": 2.75,
        "earningspersharediluted": 2.7,
        "commonstockdividendspersharecashpaid": 0.66
    },
    {
        "date": "2017-12-30",
        "symbol": "PH",
        "period": "Q2",
        "profitloss": 56159000,
        "netincomelossattributabletononcontrollinginterest": 163000,
        "netincomelossavailabletocommonstockholdersbasic": 56159000,
        "othercomprehensiveincomelossforeigncurrencytransactionandtranslationadjustmentnetoftax": 28389000,
        "othercomprehensiveincomelosspensionandotherpostretirementbenefitplansadjustmentnetoftax": -28312000,
        "othercomprehensiveincomelossnetoftax": 56774000,
        "othercomprehensiveincomelossnetoftaxportionattributabletononcontrollinginterest": -73000,
        "othercomprehensiveincomelossnetoftaxportionattributabletoparent": 56774000,
        "comprehensiveincomenetoftax": 112933000,
        "salesrevenuenet": 1565416000,
        "costofgoodsandservicessold": 2569070000,
        "sellinggeneralandadministrativeexpense": 46942000,
        "interestexpense": 53133000,
        "othernonoperatingincomeexpense": 24213000,
        "incomelossfromcontinuingoperationsbeforeincometaxesextraordinaryitemsnoncontrollinginterest": 360221000,
        "incometaxexpensebenefit": 303899000,
        "earningspersharebasic": 0.42,
        "earningspersharediluted": 0.41,
        "commonstockdividendspersharecashpaid": 0.66
    },
    {
        "date": "2017-09-29",
        "symbol": "PH",
        "period": "Q1",
        "profitloss": 285535000,
        "netincomelossattributabletononcontrollinginterest": 138000,
        "netincomeloss": 285397000,
        "othercomprehensiveincomelossforeigncurrencytransactionandtranslationadjustmentandothernetoftax": 72879000,
        "othercomprehensiveincomelosspensionandotherpostretirementbenefitplansadjustmentnetoftax": -26735000,
        "othercomprehensiveincomelossnetoftax": 99614000,
        "othercomprehensiveincomelossnetoftaxportionattributabletononcontrollinginterest": -87000,
        "othercomprehensiveincomelossnetoftaxportionattributabletoparent": 99701000,
        "comprehensiveincomenetoftax": 385098000,
        "salesrevenuenet": 3364651000,
        "costofgoodsandservicessold": 2532878000,
        "sellinggeneralandadministrativeexpense": 401672000,
        "interestexpense": 53555000,
        "othernonoperatingincomeexpense": -2244000,
        "incomelossfromcontinuingoperationsbeforeincometaxesextraordinaryitemsnoncontrollinginterest": 374302000,
        "incometaxexpensebenefit": 88767000,
        "earningspersharebasic": 2.14,
        "earningspersharediluted": 2.1,
        "commonstockdividendspersharecashpaid": 0.66
    },
    {
        "date": "2017-03-30",
        "symbol": "PH",
        "period": "Q3",
        "profitloss": 238673000,
        "netincomelossattributabletononcontrollinginterest": 174000,
        "netincomeloss": 238673000,
        "othercomprehensiveincomelossforeigncurrencytransactionandtranslationadjustmentandothernetoftax": 83100000,
        "othercomprehensiveincomelosspensionandotherpostretirementbenefitplansadjustmentnetoftax": -35512000,
        "othercomprehensiveincomelossnetoftax": 118311000,
        "othercomprehensiveincomelossnetoftaxportionattributabletononcontrollinginterest": 301000,
        "othercomprehensiveincomelossnetoftaxportionattributabletoparent": 118311000,
        "comprehensiveincomenetoftax": 356984000,
        "salesrevenuenet": 1413302000,
        "costofgoodsandservicessold": 2383790000,
        "grossprofit": 735349000,
        "sellinggeneralandadministrativeexpense": 392036000,
        "interestexpense": 42057000,
        "othernonoperatingincomeexpense": 13807000,
        "incomelossfromcontinuingoperationsbeforeincometaxesextraordinaryitemsnoncontrollinginterest": 315063000,
        "incometaxexpensebenefit": 76216000,
        "earningspersharebasic": 1.79,
        "earningspersharediluted": 1.75,
        "commonstockdividendspersharecashpaid": 0.66
    },
    {
        "date": "2016-12-30",
        "symbol": "PH",
        "period": "Q2",
        "profitloss": 241305000,
        "netincomelossattributabletononcontrollinginterest": 95000,
        "netincomeloss": 241305000,
        "othercomprehensiveincomelossforeigncurrencytransactionandtranslationadjustmentandothernetoftax": -261914000,
        "othercomprehensiveincomelosspensionandotherpostretirementbenefitplansadjustmentnetoftax": -36173000,
        "othercomprehensiveincomelossnetoftax": -225672000,
        "othercomprehensiveincomelossnetoftaxportionattributabletononcontrollinginterest": -69000,
        "othercomprehensiveincomelossnetoftaxportionattributabletoparent": -225672000,
        "comprehensiveincomenetoftax": 15633000,
        "salesrevenuenet": 2670804000,
        "costofgoodsandservicessold": 2044484000,
        "grossprofit": 626320000,
        "sellinggeneralandadministrativeexpense": 336578000,
        "interestexpense": 33444000,
        "othernonoperatingincomeexpense": 64424000,
        "incomelossfromcontinuingoperationsbeforeincometaxesextraordinaryitemsnoncontrollinginterest": 320722000,
        "incometaxexpensebenefit": -7597000,
        "earningspersharebasic": 1.8099999999999998,
        "earningspersharediluted": 1.78,
        "commonstockdividendspersharecashpaid": 0.63
    },
    {
        "date": "2016-09-29",
        "symbol": "PH",
        "period": "Q1",
        "profitloss": 210129000,
        "netincomelossattributabletononcontrollinginterest": 109000,
        "netincomeloss": 210129000,
        "othercomprehensiveincomelossforeigncurrencytransactionandtranslationadjustmentandothernetoftax": 8180000,
        "othercomprehensiveincomelosspensionandotherpostretirementbenefitplansadjustmentnetoftax": -34162000,
        "othercomprehensiveincomelossnetoftax": 42293000,
        "othercomprehensiveincomelossnetoftaxportionattributabletononcontrollinginterest": 49000,
        "othercomprehensiveincomelossnetoftaxportionattributabletoparent": 42293000,
        "comprehensiveincomenetoftax": 252422000,
        "salesrevenuenet": 2743131000,
        "costofgoodsandservicessold": 2106006000,
        "grossprofit": 637125000,
        "sellinggeneralandadministrativeexpense": 322969000,
        "interestexpense": 34148000,
        "othernonoperatingincomeexpense": 12237000,
        "incomelossfromcontinuingoperationsbeforeincometaxesextraordinaryitemsnoncontrollinginterest": 292245000,
        "incometaxexpensebenefit": -9502000,
        "earningspersharebasic": 1.57,
        "earningspersharediluted": 1.55,
        "commonstockdividendspersharecashpaid": 0.63
    },
    {
        "date": "2016-03-30",
        "symbol": "PH",
        "period": "Q3",
        "profitloss": 187084000,
        "netincomelossattributabletononcontrollinginterest": 58000,
        "netincomeloss": 187084000,
        "othercomprehensiveincomelossforeigncurrencytransactionandtranslationadjustmentandothernetoftax": 130766000,
        "othercomprehensiveincomelosspensionandotherpostretirementbenefitplansadjustmentnetoftax": -28422000,
        "othercomprehensiveincomelossnetoftax": 159190000,
        "othercomprehensiveincomelossnetoftaxportionattributabletononcontrollinginterest": -2000,
        "othercomprehensiveincomelossnetoftaxportionattributabletoparent": 159190000,
        "comprehensiveincomenetoftax": 346274000,
        "salesrevenuenet": 560985000,
        "costofgoodsandservicessold": 2209401000,
        "grossprofit": 619264000,
        "sellinggeneralandadministrativeexpense": 335908000,
        "interestexpense": 33745000,
        "othernonoperatingincomeexpense": 23382000,
        "incomelossfromcontinuingoperationsbeforeincometaxesextraordinaryitemsnoncontrollinginterest": 272993000,
        "incometaxexpensebenefit": 85851000,
        "earningspersharebasic": 1.39,
        "earningspersharediluted": 1.37,
        "commonstockdividendspersharecashpaid": 0.63
    },
    {
        "date": "2015-12-30",
        "symbol": "PH",
        "period": "Q2",
        "profitloss": 182982000,
        "netincomelossattributabletononcontrollinginterest": 155000,
        "netincomeloss": 182982000,
        "othercomprehensiveincomelossforeigncurrencytransactionandtranslationadjustmentandothernetoftax": -91177000,
        "othercomprehensiveincomelosspensionandotherpostretirementbenefitplansadjustmentnetoftax": -28221000,
        "othercomprehensiveincomelossnetoftax": -62922000,
        "othercomprehensiveincomelossnetoftaxportionattributabletononcontrollinginterest": -34000,
        "othercomprehensiveincomelossnetoftaxportionattributabletoparent": -62922000,
        "comprehensiveincomenetoftax": 120060000,
        "salesrevenuenet": 552352000,
        "costofgoodsandservicessold": 2140624000,
        "grossprofit": 564966000,
        "sellinggeneralandadministrativeexpense": 314666000,
        "interestexpense": 34297000,
        "othernonoperatingincomeexpense": 13877000,
        "incomelossfromcontinuingoperationsbeforeincometaxesextraordinaryitemsnoncontrollinginterest": 229880000,
        "incometaxexpensebenefit": 46743000,
        "earningspersharebasic": 1.35,
        "earningspersharediluted": 1.33,
        "commonstockdividendspersharecashpaid": 0.63
    },
    {
        "date": "2015-09-29",
        "symbol": "PH",
        "period": "Q1",
        "profitloss": 195026000,
        "netincomelossattributabletononcontrollinginterest": 48000,
        "netincomeloss": 194978000,
        "othercomprehensiveincomelossforeigncurrencytransactionandtranslationadjustmentandothernetoftax": -112180000,
        "othercomprehensiveincomelosspensionandotherpostretirementbenefitplansadjustmentnetoftax": -28896000,
        "othercomprehensiveincomelossnetoftax": -83284000,
        "othercomprehensiveincomelossnetoftaxportionattributabletononcontrollinginterest": -97000,
        "othercomprehensiveincomelossnetoftaxportionattributabletoparent": -83187000,
        "comprehensiveincomenetoftax": 111791000,
        "salesrevenuenet": 2869348000,
        "costofgoodsandservicessold": 2200904000,
        "grossprofit": 668444000,
        "sellinggeneralandadministrativeexpense": 370214000,
        "interestexpense": 35760000,
        "othernonoperatingincomeexpense": 13179000,
        "incomelossfromcontinuingoperationsbeforeincometaxesextraordinaryitemsnoncontrollinginterest": 275649000,
        "incometaxexpensebenefit": 80623000,
        "earningspersharebasic": 1.42,
        "earningspersharediluted": 1.41,
        "commonstockdividendspersharecashpaid": 0.63
    },
    {
        "date": "2015-03-30",
        "symbol": "PH",
        "period": "Q3",
        "profitloss": 285345000,
        "netincomelossattributabletononcontrollinginterest": 117000,
        "netincomeloss": 285345000,
        "othercomprehensiveincomelossforeigncurrencytransactionandtranslationadjustmentnetoftax": -373942000,
        "othercomprehensiveincomelosspensionandotherpostretirementbenefitplansadjustmentnetoftax": -25871000,
        "othercomprehensiveincomeothernetoftax": 183000,
        "othercomprehensiveincomelossnetoftax": -347861000,
        "othercomprehensiveincomelossnetoftaxportionattributabletononcontrollinginterest": -27000,
        "othercomprehensiveincomelossnetoftaxportionattributabletoparent": -347861000,
        "comprehensiveincomenetoftax": -62516000,
        "salesrevenuenet": 572438000,
        "costofgoodsandservicessold": 2373016000,
        "grossprofit": 789295000,
        "sellinggeneralandadministrativeexpense": 372306000,
        "interestexpense": 35003000,
        "othernonoperatingincomeexpense": 6380000,
        "incomelossfromcontinuingoperationsbeforeincometaxesextraordinaryitemsnoncontrollinginterest": 388366000,
        "incometaxexpensebenefit": 102904000,
        "earningspersharebasic": 2.06,
        "earningspersharediluted": 2.02,
        "commonstockdividendspersharecashpaid": 0.63
    },
    {
        "date": "2014-12-30",
        "symbol": "PH",
        "period": "Q2",
        "profitloss": 267252000,
        "netincomelossattributabletononcontrollinginterest": 83000,
        "netincomeloss": 267252000,
        "othercomprehensiveincomelossforeigncurrencytransactionandtranslationadjustmentnetoftax": -216964000,
        "othercomprehensiveincomelosspensionandotherpostretirementbenefitplansadjustmentnetoftax": -25064000,
        "othercomprehensiveincomelossreclassificationadjustmentfromaocionderivativesnetoftax": -51000,
        "othercomprehensiveincomelossnetoftax": -191797000,
        "othercomprehensiveincomelossnetoftaxportionattributabletononcontrollinginterest": -52000,
        "othercomprehensiveincomelossnetoftaxportionattributabletoparent": -191797000,
        "comprehensiveincomenetoftax": 75455000,
        "salesrevenuenet": 558386000,
        "costofgoodsandservicessold": 2401584000,
        "grossprofit": 733409000,
        "sellinggeneralandadministrativeexpense": 379804000,
        "interestexpense": 27645000,
        "othernonoperatingincomeexpense": 17306000,
        "incomelossfromcontinuingoperationsbeforeincometaxesextraordinaryitemsnoncontrollinginterest": 343266000,
        "incometaxexpensebenefit": 75931000,
        "earningspersharebasic": 1.84,
        "earningspersharediluted": 1.8,
        "commonstockdividendspersharecashpaid": 0.63
    },
    {
        "date": "2014-09-29",
        "symbol": "PH",
        "period": "Q1",
        "profitloss": 280089000,
        "netincomelossattributabletononcontrollinginterest": 82000,
        "netincomeloss": 280089000,
        "othercomprehensiveincomelossforeigncurrencytransactionandtranslationadjustmentnetoftax": -302078000,
        "othercomprehensiveincomelosspensionandotherpostretirementbenefitplansadjustmentnetoftax": -26858000,
        "othercomprehensiveincomelossreclassificationadjustmentfromaocionderivativesnetoftax": -51000,
        "othercomprehensiveincomelossnetoftax": -101000,
        "othercomprehensiveincomelossnetoftaxportionattributabletononcontrollinginterest": -101000,
        "othercomprehensiveincomelossnetoftaxportionattributabletoparent": -275068000,
        "comprehensiveincomenetoftax": 5021000,
        "salesrevenuenet": 1471812000,
        "costofgoodsandservicessold": 2459865000,
        "grossprofit": 810067000,
        "sellinggeneralandadministrativeexpense": 400840000,
        "interestexpense": 20961000,
        "othernonoperatingincomeexpense": 8369000,
        "incomelossfromcontinuingoperationsbeforeincometaxesextraordinaryitemsnoncontrollinginterest": 396635000,
        "incometaxexpensebenefit": 116464000,
        "earningspersharebasic": 1.88,
        "earningspersharediluted": 1.85,
        "commonstockdividendspersharecashpaid": 0.48
    },
    {
        "date": "2014-03-30",
        "symbol": "PH",
        "period": "Q3",
        "profitloss": -497372000,
        "netincomelossattributabletononcontrollinginterest": 112000,
        "netincomeloss": 242406000,
        "othercomprehensiveincomelossforeigncurrencytransactionandtranslationadjustmentnetoftax": -1067000,
        "othercomprehensiveincomelosspensionandotherpostretirementbenefitplansadjustmentnetoftax": -27179000,
        "othercomprehensiveincomelossnetoftax": 75944000,
        "othercomprehensiveincomelossnetoftaxportionattributabletononcontrollinginterest": 86000,
        "othercomprehensiveincomelossnetoftaxportionattributabletoparent": 26077000,
        "comprehensiveincomenetoftax": 268483000,
        "salesrevenuenet": 2013531000,
        "costofgoodsandservicessold": 2605893000,
        "grossprofit": 752513000,
        "sellinggeneralandadministrativeexpense": 407241000,
        "interestexpense": 20594000,
        "othernonoperatingincomeexpense": 4812000,
        "incomelossfromcontinuingoperationsbeforeincometaxesminorityinterestandincomelossfromequitymethodinvestments": 329490000,
        "incometaxexpensebenefit": 86972000,
        "earningspersharebasic": 1.6199999999999999,
        "earningspersharediluted": 1.6099999999999997,
        "commonstockdividendspersharecashpaid": 0.4799999999999999
    },
    {
        "date": "2013-12-30",
        "symbol": "PH",
        "period": "Q2",
        "profitloss": 253288000,
        "netincomelossattributabletononcontrollinginterest": 116000,
        "netincomeloss": 253288000,
        "othercomprehensiveincomelossforeigncurrencytransactionandtranslationadjustmentnetoftax": 22606000,
        "othercomprehensiveincomelosspensionandotherpostretirementbenefitplansadjustmentnetoftax": -27129000,
        "othercomprehensiveincomelossreclassificationadjustmentonderivativesincludedinnetincomenetoftax": 51000,
        "othercomprehensiveincomelossnetoftax": 34000,
        "othercomprehensiveincomelossnetoftaxportionattributabletononcontrollinginterest": 34000,
        "othercomprehensiveincomelossnetoftaxportionattributabletoparent": 49752000,
        "comprehensiveincomenetoftax": 303040000,
        "salesrevenuenet": 503753000,
        "costofgoodsandservicessold": 2419971000,
        "grossprofit": 686035000,
        "sellinggeneralandadministrativeexpense": 398636000,
        "goodwillandintangibleassetimpairment": 188870000,
        "interestexpense": 20851000,
        "othernonoperatingincomeexpense": 417638000,
        "incomelossfromcontinuingoperationsbeforeincometaxesminorityinterestandincomelossfromequitymethodinvestments": 495316000,
        "incometaxexpensebenefit": 241912000,
        "earningspersharebasic": 1.7,
        "earningspersharediluted": 1.66,
        "commonstockdividendspersharecashpaid": 0.45
    },
    {
        "date": "2013-09-29",
        "symbol": "PH",
        "period": "Q1",
        "profitloss": 244316000,
        "netincomelossattributabletononcontrollinginterest": 4000,
        "netincomeloss": 244316000,
        "othercomprehensiveincomelossforeigncurrencytransactionandtranslationadjustmentnetoftax": 157234000,
        "othercomprehensiveincomelosspensionandotherpostretirementbenefitplansadjustmentnetoftax": -27493000,
        "othercomprehensiveincomelossreclassificationadjustmentonderivativesincludedinnetincomenetoftax": 51000,
        "othercomprehensiveincomelossnetoftax": 184778000,
        "othercomprehensiveincomelossnetoftaxportionattributabletononcontrollinginterest": -149000,
        "othercomprehensiveincomelossnetoftaxportionattributabletoparent": 184927000,
        "comprehensiveincomenetoftax": 429243000,
        "salesrevenuenet": 1387875000,
        "costofgoodsandservicessold": 2476409000,
        "grossprofit": 749735000,
        "sellinggeneralandadministrativeexpense": 406930000,
        "interestexpense": 20958000,
        "othernonoperatingincomeexpense": 2243000,
        "incomelossfromcontinuingoperationsbeforeincometaxesminorityinterestandincomelossfromequitymethodinvestments": 324090000,
        "incometaxexpensebenefit": 79770000,
        "earningspersharebasic": 1.64,
        "earningspersharediluted": 1.61,
        "commonstockdividendspersharecashpaid": 0.45
    },
    {
        "date": "2013-03-30",
        "symbol": "PH",
        "period": "Q3",
        "profitloss": 32000,
        "netincomelossattributabletononcontrollinginterest": 32000,
        "netincomeloss": 256560000,
        "othercomprehensiveincomelossforeigncurrencytransactionandtranslationadjustmentnetoftax": -122964000,
        "othercomprehensiveincomelosspensionandotherpostretirementbenefitplansadjustmentnetoftax": -34263000,
        "othercomprehensiveincomeunrealizedholdinggainlossonsecuritiesarisingduringperiodnetoftax": 51000,
        "othercomprehensiveincomelossnetoftax": -88650000,
        "othercomprehensiveincomelossnetoftaxportionattributabletononcontrollinginterest": 46000,
        "othercomprehensiveincomelossnetoftaxportionattributabletoparent": -88696000,
        "comprehensiveincomenetoftax": 167864000,
        "salesrevenuenet": 1241464000,
        "costofgoodsandservicessold": 2569189000,
        "grossprofit": 737852000,
        "sellinggeneralandadministrativeexpense": 379690000,
        "interestexpense": 23050000,
        "othernonoperatingincomeexpense": 3439000,
        "incomelossfromcontinuingoperationsbeforeincometaxesminorityinterestandincomelossfromequitymethodinvestments": 338551000,
        "incometaxexpensebenefit": 81959000,
        "earningspersharebasic": 1.72,
        "earningspersharediluted": 1.68,
        "commonstockdividendspersharecashpaid": 0.43
    },
    {
        "date": "2012-12-30",
        "symbol": "PH",
        "period": "Q2",
        "profitloss": 180962000,
        "netincomelossattributabletononcontrollinginterest": 152000,
        "netincomeloss": 180962000,
        "othercomprehensiveincomelossforeigncurrencytransactionandtranslationadjustmentnetoftax": 57090000,
        "othercomprehensiveincomelosspensionandotherpostretirementbenefitplansadjustmentnetoftax": -35540000,
        "othercomprehensiveincomeunrealizedholdinggainlossonsecuritiesarisingduringperiodnetoftax": 51000,
        "othercomprehensiveincomelossnetoftax": 92681000,
        "othercomprehensiveincomelossnetoftaxportionattributabletononcontrollinginterest": -1898000,
        "othercomprehensiveincomelossnetoftaxportionattributabletoparent": 94579000,
        "comprehensiveincomenetoftax": 275541000,
        "salesrevenuenet": 1168961000,
        "costofgoodsandservicessold": 2421972000,
        "grossprofit": 643523000,
        "sellinggeneralandadministrativeexpense": 381100000,
        "interestexpense": 24216000,
        "othernonoperatingincomeexpense": 24422000,
        "incomelossfromcontinuingoperationsbeforeincometaxesminorityinterestandincomelossfromequitymethodinvestments": 262629000,
        "incometaxexpensebenefit": 81515000,
        "earningspersharebasic": 1.21,
        "earningspersharediluted": 1.19,
        "commonstockdividendspersharecashpaid": 0.41
    },
    {
        "date": "2012-09-29",
        "symbol": "PH",
        "period": "Q1",
        "profitloss": 207000,
        "netincomelossattributabletononcontrollinginterest": 207000,
        "netincomeloss": 239741000,
        "othercomprehensiveincomelossforeigncurrencytransactionandtranslationadjustmentnetoftax": 102204000,
        "othercomprehensiveincomelosspensionandotherpostretirementbenefitplansadjustmentnetoftax": -32300000,
        "othercomprehensiveincomeunrealizedholdinggainlossonsecuritiesarisingduringperiodnetoftax": 51000,
        "othercomprehensiveincomelossnetoftax": 134555000,
        "othercomprehensiveincomelossnetoftaxportionattributabletononcontrollinginterest": 374000,
        "othercomprehensiveincomelossnetoftaxportionattributabletoparent": 134181000,
        "comprehensiveincomenetoftax": 373922000,
        "salesrevenuenet": 541083000,
        "costofgoodsandservicessold": 2477447000,
        "grossprofit": 737488000,
        "sellinggeneralandadministrativeexpense": 381122000,
        "interestexpense": 23509000,
        "othernonoperatingincomeexpense": 3201000,
        "incomelossfromcontinuingoperationsbeforeincometaxesminorityinterestandincomelossfromequitymethodinvestments": 336058000,
        "incometaxexpensebenefit": 96110000,
        "earningspersharebasic": 1.61,
        "earningspersharediluted": 1.57,
        "commonstockdividendspersharecashpaid": 0.41
    },
    {
        "date": "2012-03-30",
        "symbol": "PH",
        "period": "Q3",
        "salesrevenuenet": 248695000,
        "costofgoodsandservicessold": 2590315000,
        "grossprofit": 803248000,
        "sellinggeneralandadministrativeexpense": 377479000,
        "interestexpense": 22313000,
        "othernonoperatingincomeexpense": -2629000,
        "incomelossfromcontinuingoperationsbeforeincometaxesextraordinaryitemsnoncontrollinginterest": 400827000,
        "incometaxexpensebenefit": 88138000,
        "profitloss": 312074000,
        "netincomelossattributabletononcontrollinginterest": 615000,
        "netincomeloss": 312074000,
        "earningspersharebasic": 2.07,
        "earningspersharediluted": 2.01,
        "commonstockdividendspersharedeclared": 0.39
    },
    {
        "date": "2011-12-30",
        "symbol": "PH",
        "period": "Q2",
        "salesrevenuenet": 208163000,
        "costofgoodsandservicessold": 2381322000,
        "grossprofit": 725510000,
        "sellinggeneralandadministrativeexpense": 368690000,
        "interestexpense": 23769000,
        "othernonoperatingincomeexpense": 5896000,
        "incomelossfromcontinuingoperationsbeforeincometaxesminorityinterestandincomelossfromequitymethodinvestments": 338947000,
        "incometaxexpensebenefit": 96604000,
        "profitloss": 240766000,
        "netincomelossattributabletononcontrollinginterest": 1577000,
        "netincomeloss": 240766000,
        "earningspersharebasic": 1.59,
        "earningspersharediluted": 1.56,
        "commonstockdividendspersharedeclared": 0.37
    },
    {
        "date": "2011-09-29",
        "symbol": "PH",
        "period": "Q1",
        "salesrevenuenet": 242457000,
        "costofgoodsandservicessold": 2414442000,
        "grossprofit": 819439000,
        "sellinggeneralandadministrativeexpense": 386466000,
        "interestexpense": 23221000,
        "othernonoperatingincomeexpense": 1833000,
        "incomelossfromcontinuingoperationsbeforeincometaxesminorityinterestandincomelossfromequitymethodinvestments": 411585000,
        "incometaxexpensebenefit": 113427000,
        "profitloss": 297018000,
        "netincomelossattributabletononcontrollinginterest": 1140000,
        "netincomeloss": 297018000,
        "earningspersharebasic": 1.95,
        "earningspersharediluted": 1.91,
        "commonstockdividendspersharedeclared": 0.37
    },
    {
        "date": "2011-03-30",
        "symbol": "PH",
        "period": "Q3",
        "salesrevenuenet": 264536000,
        "costofgoodsandservicessold": 2463083000,
        "grossprofit": 777020000,
        "sellinggeneralandadministrativeexpense": 375069000,
        "interestexpense": 24619000,
        "othernonoperatingincomeexpense": 12385000,
        "incomelossfromcontinuingoperationsbeforeincometaxesminorityinterestandincomelossfromequitymethodinvestments": 389717000,
        "incometaxexpensebenefit": 108069000,
        "profitloss": 279589000,
        "netincomelossattributabletononcontrollinginterest": 2059000,
        "netincomeloss": 279589000,
        "earningspersharebasic": 1.72,
        "earningspersharediluted": 1.68,
        "commonstockdividendspersharedeclared": 0.32
    },
    {
        "date": "2010-12-30",
        "symbol": "PH",
        "period": "Q2",
        "salesrevenuenet": 214334000,
        "costofgoodsandservicessold": 2195728000,
        "grossprofit": 670936000,
        "sellinggeneralandadministrativeexpense": 345679000,
        "interestexpense": 25631000,
        "othernonoperatingincomeexpense": 6624000,
        "incomelossfromcontinuingoperationsbeforeincometaxesminorityinterestandincomelossfromequitymethodinvestments": 306250000,
        "incometaxexpensebenefit": 74432000,
        "profitloss": 230180000,
        "netincomelossattributabletononcontrollinginterest": 1638000,
        "netincomeloss": 230180000,
        "earningspersharebasic": 1.42,
        "earningspersharediluted": 1.39,
        "commonstockdividendspersharedeclared": 0.29
    },
    {
        "date": "2010-09-29",
        "symbol": "PH",
        "period": "Q1",
        "salesrevenuenet": 234697000,
        "costofgoodsandservicessold": 2137874000,
        "grossprofit": 691399000,
        "sellinggeneralandadministrativeexpense": 333584000,
        "interestexpense": 24633000,
        "othernonoperatingincomeexpense": 3182000,
        "incomelossfromcontinuingoperationsbeforeincometaxesminorityinterestandincomelossfromequitymethodinvestments": 336364000,
        "incometaxexpensebenefit": 87334000,
        "profitloss": 247171000,
        "netincomelossattributabletononcontrollinginterest": 1859000,
        "netincomeloss": 247171000,
        "earningspersharebasic": 1.53,
        "earningspersharediluted": 1.51,
        "commonstockdividendspersharedeclared": 0.27
    },
    {
        "date": "2010-03-30",
        "symbol": "PH",
        "period": "Q3",
        "salesrevenuenet": 2614823000,
        "costofgoodsandservicessold": 2062451000,
        "grossprofit": 552372000,
        "sellinggeneralandadministrativeexpense": 316069000,
        "interestexpense": 25951000,
        "othernonoperatingincomeexpense": -3959000,
        "incomelossfromcontinuingoperationsbeforeincometaxesminorityinterestandincomelossfromequitymethodinvestments": 206393000,
        "incometaxexpensebenefit": 52013000,
        "profitloss": 154380000,
        "netincomelossattributabletononcontrollinginterest": 517000,
        "netincomeloss": 153863000,
        "earningspersharebasic": 0.96,
        "earningspersharediluted": 0.94,
        "commonstockdividendspersharedeclared": 0.25
    },
    {
        "date": "2009-12-30",
        "symbol": "PH",
        "period": "Q2",
        "salesrevenuenet": 2354708000,
        "costofgoodsandservicessold": 1869481000,
        "grossprofit": 485227000,
        "sellinggeneralandadministrativeexpense": 309840000,
        "interestexpense": 25029000,
        "othernonoperatingincomeexpense": -8123000,
        "incomelossfromcontinuingoperationsbeforeincometaxesminorityinterestandincomelossfromequitymethodinvestments": 142235000,
        "incometaxexpensebenefit": 37272000,
        "profitloss": 104963000,
        "netincomelossattributabletononcontrollinginterest": 417000,
        "netincomeloss": 104546000,
        "earningspersharebasic": 0.65,
        "earningspersharediluted": 0.64,
        "commonstockdividendspersharedeclared": 0.25
    },
    {
        "date": "2009-09-29",
        "symbol": "PH",
        "period": "Q1",
        "salesrevenuenet": 2237165000,
        "costofgoodsandservicessold": 1800945000,
        "grossprofit": 436220000,
        "sellinggeneralandadministrativeexpense": 301843000,
        "interestexpense": 25723000,
        "othernonoperatingincomeexpense": 5375000,
        "incomelossfromcontinuingoperationsbeforeincometaxesminorityinterestandincomelossfromequitymethodinvestments": 114029000,
        "incometaxexpensebenefit": 40059000,
        "profitloss": 73970000,
        "netincomelossattributabletononcontrollinginterest": 477000,
        "netincomeloss": 73493000,
        "earningspersharebasic": 0.46,
        "earningspersharediluted": 0.45,
        "commonstockdividendspersharedeclared": 0.25
    }
]