[
    {
        "date": "2024-09-29",
        "symbol": "PCAR",
        "period": "Q3",
        "revenues": 8239900000,
        "interestandfeeincomeloansandleases": 334900000,
        "operatingleaserentalandotherrevenues": 201200000,
        "costofgoodsandservicessold": 3700000,
        "researchanddevelopmentexpense": 115000000,
        "interestandotherborrowingexpense": 54400000,
        "depreciationonequipmentonoperatingleaseandothervehiclerelatedexpenseandotherexpense": 176600000,
        "sellinggeneralandadministrativeexpense": 42200000,
        "provisionforloanleaseandotherlosses": 22400000,
        "othernonoperatingincomeexpense": -300000,
        "costsandexpenses": 429600000,
        "investmentincomenet": 108700000,
        "incomelossfromcontinuingoperationsbeforeinvestmentincomeandincometaxes": 106500000,
        "incomelossfromcontinuingoperationsbeforeincometaxesextraordinaryitemsnoncontrollinginterest": 1256300000,
        "incometaxexpensebenefit": -600000,
        "netincomeloss": -2200000,
        "earningspersharebasic": 1.85,
        "earningspersharediluted": 1.85,
        "weightedaveragenumberofsharesoutstandingbasic": 525400000,
        "weightedaveragenumberofdilutedsharesoutstanding": 526500000,
        "comprehensiveincomenetoftax": 1111900000
    },
    {
        "date": "2024-06-29",
        "symbol": "PCAR",
        "period": "Q2",
        "revenues": 8262300000,
        "interestandfeeincomeloansandleases": 318000000,
        "operatingleaserentalandotherrevenues": 191800000,
        "costofgoodsandservicessold": 6772300000,
        "researchanddevelopmentexpense": 117100000,
        "interestandotherborrowingexpense": 172500000,
        "depreciationonequipmentonoperatingleaseandothervehiclerelatedexpenseandotherexpense": 173600000,
        "sellinggeneralandadministrativeexpense": 142700000,
        "provisionforloanleaseandotherlosses": 11700000,
        "othernonoperatingincomeexpense": 23600000,
        "costsandexpenses": 7008500000,
        "investmentincomenet": 95800000,
        "incomelossfromcontinuingoperationsbeforeinvestmentincomeandincometaxes": 1253800000,
        "incomelossfromcontinuingoperationsbeforeincometaxesextraordinaryitemsnoncontrollinginterest": 1460800000,
        "incometaxexpensebenefit": 338200000,
        "netincomeloss": 1122600000,
        "earningspersharebasic": 2.14,
        "earningspersharediluted": 2.13,
        "weightedaveragenumberofsharesoutstandingbasic": 525300000,
        "weightedaveragenumberofdilutedsharesoutstanding": 526600000,
        "comprehensiveincomenetoftax": 977600000
    },
    {
        "date": "2024-03-30",
        "symbol": "PCAR",
        "period": "Q1",
        "revenues": 8235000000,
        "interestandfeeincomeloansandleases": 303400000,
        "operatingleaserentalandotherrevenues": 205900000,
        "costofgoodsandservicessold": 6673800000,
        "researchanddevelopmentexpense": 105500000,
        "interestandotherborrowingexpense": 160000000,
        "depreciationonequipmentonoperatingleaseandothervehiclerelatedexpenseandotherexpense": 180300000,
        "sellinggeneralandadministrativeexpense": 147600000,
        "provisionforloanleaseandotherlosses": 16100000,
        "othernonoperatingincomeexpense": 27000000,
        "costsandexpenses": 6899900000,
        "investmentincomenet": 85500000,
        "incomelossfromcontinuingoperationsbeforeinvestmentincomeandincometaxes": 1335100000,
        "incomelossfromcontinuingoperationsbeforeincometaxesextraordinaryitemsnoncontrollinginterest": 1534500000,
        "incometaxexpensebenefit": 339200000,
        "netincomeloss": 1195300000,
        "earningspersharebasic": 2.28,
        "earningspersharediluted": 2.27,
        "weightedaveragenumberofsharesoutstandingbasic": 524900000,
        "weightedaveragenumberofdilutedsharesoutstanding": 526300000,
        "comprehensiveincomenetoftax": 1089000000
    },
    {
        "date": "2023-12-30",
        "symbol": "PCAR",
        "period": "Q4",
        "interestandfeeincomeloansandleases": 292800000,
        "operatingleaserentalandotherrevenues": 192000000,
        "revenues": 8168600000.000001,
        "costofgoodsandservicessold": 13413600000,
        "researchanddevelopmentexpense": 108900000,
        "interestandotherborrowingexpense": 219200000,
        "depreciationonequipmentonoperatingleaseandothervehiclerelatedexpenseandotherexpense": 163700000,
        "sellinggeneralandadministrativeexpense": 280600000,
        "provisionforloanleaseandotherlosses": 17200000,
        "othernonoperatingincomeexpense": -554100000,
        "costsandexpenses": 14217700000,
        "incomelossfromcontinuingoperationsbeforeinvestmentincomeandincometaxes": 2761500000,
        "investmentincomenet": 149800000,
        "incomelossfromcontinuingoperationsbeforeincometaxesextraordinaryitemsnoncontrollinginterest": 2561300000,
        "incometaxexpensebenefit": 409400000,
        "netincomeloss": 2151900000,
        "earningspersharebasic": 2.6999999999999997,
        "earningspersharediluted": 2.69,
        "weightedaveragenumberofsharesoutstandingbasic": 523900000,
        "weightedaveragenumberofdilutedsharesoutstanding": 525000000,
        "comprehensiveincomenetoftax": 1661000000
    },
    {
        "date": "2023-09-29",
        "symbol": "PCAR",
        "period": "Q3",
        "revenues": 8232300000,
        "interestandfeeincomeloansandleases": 269800000,
        "operatingleaserentalandotherrevenues": 194300000,
        "costofgoodsandservicessold": 6626700000,
        "researchanddevelopmentexpense": 103500000,
        "interestandotherborrowingexpense": 138500000,
        "depreciationonequipmentonoperatingleaseandothervehiclerelatedexpenseandotherexpense": 146900000,
        "sellinggeneralandadministrativeexpense": 143600000,
        "provisionforloanleaseandotherlosses": 6200000,
        "othernonoperatingincomeexpense": 16300000,
        "costsandexpenses": 6857500000,
        "investmentincomenet": 80800000,
        "incomelossfromcontinuingoperationsbeforeinvestmentincomeandincometaxes": 1374800000,
        "incomelossfromcontinuingoperationsbeforeincometaxesextraordinaryitemsnoncontrollinginterest": 1589400000,
        "incometaxexpensebenefit": 360900000,
        "netincomeloss": 1228500000,
        "earningspersharebasic": 2.35,
        "earningspersharediluted": 2.34,
        "weightedaveragenumberofsharesoutstandingbasic": 524100000,
        "weightedaveragenumberofdilutedsharesoutstanding": 525300000,
        "comprehensiveincomenetoftax": 1068700000
    },
    {
        "date": "2023-06-29",
        "symbol": "PCAR",
        "period": "Q2",
        "revenues": 8441300000,
        "interestandfeeincomeloansandleases": 238700000,
        "operatingleaserentalandotherrevenues": 201100000,
        "costofgoodsandservicessold": 6851700000,
        "researchanddevelopmentexpense": 101300000,
        "interestandotherborrowingexpense": 115500000,
        "depreciationonequipmentonoperatingleaseandothervehiclerelatedexpenseandotherexpense": 137800000,
        "sellinggeneralandadministrativeexpense": 144900000,
        "provisionforloanleaseandotherlosses": 4800000,
        "othernonoperatingincomeexpense": 17700000,
        "costsandexpenses": 7080200000,
        "investmentincomenet": 62700000,
        "incomelossfromcontinuingoperationsbeforeinvestmentincomeandincometaxes": 1361100000,
        "incomelossfromcontinuingoperationsbeforeincometaxesextraordinaryitemsnoncontrollinginterest": 1568500000,
        "incometaxexpensebenefit": 347400000,
        "netincomeloss": 1221100000,
        "earningspersharebasic": 2.33,
        "earningspersharediluted": 2.33,
        "weightedaveragenumberofsharesoutstandingbasic": 523800000,
        "weightedaveragenumberofdilutedsharesoutstanding": 524800000,
        "comprehensiveincomenetoftax": 1316500000
    },
    {
        "date": "2023-03-30",
        "symbol": "PCAR",
        "period": "Q1",
        "revenues": 8473299999.999999,
        "interestandfeeincomeloansandleases": 208000000,
        "operatingleaserentalandotherrevenues": 215200000,
        "costofgoodsandservicessold": 2200000,
        "researchanddevelopmentexpense": 97200000,
        "interestandotherborrowingexpense": 27400000,
        "depreciationonequipmentonoperatingleaseandothervehiclerelatedexpenseandotherexpense": 142300000,
        "sellinggeneralandadministrativeexpense": 35200000,
        "provisionforloanleaseandotherlosses": 3100000,
        "othernonoperatingincomeexpense": -300000,
        "costsandexpenses": 274400000,
        "investmentincomenet": -1100000,
        "incomelossfromcontinuingoperationsbeforeinvestmentincomeandincometaxes": -611700000,
        "incomelossfromcontinuingoperationsbeforeincometaxesextraordinaryitemsnoncontrollinginterest": -1000000,
        "incometaxexpensebenefit": -300000,
        "netincomeloss": -700000,
        "earningspersharebasic": 1.4,
        "earningspersharediluted": 1.4,
        "weightedaveragenumberofsharesoutstandingbasic": 523500000,
        "weightedaveragenumberofdilutedsharesoutstanding": 524400000,
        "comprehensiveincomenetoftax": 814100000
    },
    {
        "date": "2022-12-30",
        "symbol": "PCAR",
        "period": "Q4",
        "interestandfeeincomeloansandleases": 185100000,
        "operatingleaserentalandotherrevenues": 209700000,
        "revenues": 8129500000,
        "costofgoodsandservicessold": 14600000,
        "researchanddevelopmentexpense": 99900000,
        "interestandotherborrowingexpense": 105400000,
        "depreciationonequipmentonoperatingleaseandothervehiclerelatedexpenseandotherexpense": 63700000,
        "sellinggeneralandadministrativeexpense": 33000000,
        "provisionforloanleaseandotherlosses": 1700000,
        "othernonoperatingincomeexpense": -28400000,
        "costsandexpenses": 243500000,
        "incomelossfromcontinuingoperationsbeforeinvestmentincomeandincometaxes": -16000000,
        "investmentincomenet": -1100000,
        "incomelossfromcontinuingoperationsbeforeincometaxesextraordinaryitemsnoncontrollinginterest": -7400000,
        "incometaxexpensebenefit": -1800000,
        "netincomeloss": -5600000,
        "earningspersharebasic": 3.469446951953614e-18,
        "earningspersharediluted": -0.019999999999999993,
        "weightedaveragenumberofsharesoutstandingbasic": -522500000,
        "weightedaveragenumberofdilutedsharesoutstanding": -523100000,
        "comprehensiveincomenetoftax": 1361000000
    },
    {
        "date": "2022-09-29",
        "symbol": "PCAR",
        "period": "Q3",
        "revenues": 7058900000,
        "interestandfeeincomeloansandleases": 160400000,
        "operatingleaserentalandotherrevenues": 211500000,
        "costofgoodsandservicessold": 7000000,
        "researchanddevelopmentexpense": 82900000,
        "interestandotherborrowingexpense": -56200000,
        "depreciationonequipmentonoperatingleaseandothervehiclerelatedexpenseandotherexpense": 137400000,
        "sellinggeneralandadministrativeexpense": 33299999.999999996,
        "provisionforloanleaseandotherlosses": -800000,
        "othernonoperatingincomeexpense": -200000,
        "costsandexpenses": 225700000,
        "investmentincomenet": -400000,
        "incomelossfromcontinuingoperationsbeforeinvestmentincomeandincometaxes": 8000000,
        "incomelossfromcontinuingoperationsbeforeincometaxesextraordinaryitemsnoncontrollinginterest": -7300000,
        "incometaxexpensebenefit": -1700000,
        "netincomeloss": -5600000,
        "earningspersharebasic": 0.02,
        "earningspersharediluted": 0.03,
        "weightedaveragenumberofsharesoutstandingbasic": 348400000,
        "weightedaveragenumberofdilutedsharesoutstanding": 348900000,
        "comprehensiveincomenetoftax": 488000000
    },
    {
        "date": "2022-06-29",
        "symbol": "PCAR",
        "period": "Q2",
        "revenues": 7158700000,
        "interestandfeeincomeloansandleases": 150900000,
        "operatingleaserentalandotherrevenues": 221600000,
        "costofgoodsandservicessold": 5500000,
        "researchanddevelopmentexpense": 80400000,
        "interestandotherborrowingexpense": -36500000,
        "depreciationonequipmentonoperatingleaseandothervehiclerelatedexpenseandotherexpense": 145400000,
        "sellinggeneralandadministrativeexpense": 31900000,
        "provisionforloanleaseandotherlosses": 4400000,
        "othernonoperatingincomeexpense": -200000,
        "costsandexpenses": 228100000,
        "investmentincomenet": -300000,
        "incomelossfromcontinuingoperationsbeforeinvestmentincomeandincometaxes": -3100000,
        "incomelossfromcontinuingoperationsbeforeincometaxesextraordinaryitemsnoncontrollinginterest": -9200000,
        "incometaxexpensebenefit": -2300000,
        "netincomeloss": -6900000,
        "earningspersharebasic": 0.03,
        "earningspersharediluted": 0.04,
        "weightedaveragenumberofsharesoutstandingbasic": 348400000,
        "weightedaveragenumberofdilutedsharesoutstanding": 348800000,
        "comprehensiveincomenetoftax": 486400000
    },
    {
        "date": "2022-03-30",
        "symbol": "PCAR",
        "period": "Q1",
        "revenues": 6472600000,
        "interestandfeeincomeloansandleases": 132300000.00000001,
        "operatingleaserentalandotherrevenues": 233900000,
        "costofgoodsandservicessold": 4900000,
        "researchanddevelopmentexpense": 78000000,
        "interestandotherborrowingexpense": -6600000,
        "depreciationonequipmentonoperatingleaseandothervehiclerelatedexpenseandotherexpense": 143500000,
        "sellinggeneralandadministrativeexpense": 35700000,
        "provisionforloanleaseandotherlosses": 200000,
        "othernonoperatingincomeexpense": -100000,
        "costsandexpenses": 219200000,
        "investmentincomenet": -100000,
        "incomelossfromcontinuingoperationsbeforeinvestmentincomeandincometaxes": 10000000,
        "incomelossfromcontinuingoperationsbeforeincometaxesextraordinaryitemsnoncontrollinginterest": -5700000,
        "incometaxexpensebenefit": -1300000,
        "netincomeloss": -4400000,
        "earningspersharebasic": 0.02,
        "earningspersharediluted": 0.02,
        "weightedaveragenumberofsharesoutstandingbasic": 348300000,
        "weightedaveragenumberofdilutedsharesoutstanding": 348800000,
        "comprehensiveincomenetoftax": 643900000
    },
    {
        "date": "2021-12-30",
        "symbol": "PCAR",
        "period": "Q4",
        "interestandfeeincomeloansandleases": 130600000,
        "revenues": 6686100000,
        "costofgoodsandservicessold": -1900000,
        "researchanddevelopmentexpense": 87100000,
        "interestandotherborrowingexpense": -3900000,
        "depreciationonequipmentonoperatingleaseandothervehiclerelatedexpenseandotherexpense": -113300000,
        "sellinggeneralandadministrativeexpense": 32100000,
        "othernonoperatingincomeexpense": -58100000,
        "costsandexpenses": 255800000,
        "investmentincomenet": 1900000,
        "incomelossfromcontinuingoperationsbeforeincometaxesextraordinaryitemsnoncontrollinginterest": -71900000,
        "incometaxexpensebenefit": -3400000,
        "netincomeloss": -11300000,
        "earningspersharebasic": 1.4700000000000002,
        "earningspersharediluted": 1.4700000000000002,
        "weightedaveragenumberofsharesoutstandingbasic": 100000,
        "weightedaveragenumberofdilutedsharesoutstanding": 0,
        "comprehensiveincomenetoftax": 735500000
    },
    {
        "date": "2021-09-29",
        "symbol": "PCAR",
        "period": "Q3",
        "revenuefromcontractwithcustomerexcludingassessedtax": 24900000,
        "interestandfeeincomeloansandleases": 131500000,
        "operatingleasesincomestatementleaserevenue": 277600000,
        "revenues": 5146800000,
        "costofgoodsandservicessold": -3500000,
        "researchanddevelopmentexpense": 72500000,
        "interestandotherborrowingexpense": -35400000,
        "depreciationonequipmentonoperatingleaseandothervehiclerelatedexpenseandotherexpense": 219800000,
        "sellinggeneralandadministrativeexpense": 33900000,
        "provisionforloanleaseandotherlosses": 0,
        "othernonoperatingincomeexpense": -200000,
        "costsandexpenses": 289000000,
        "investmentincomenet": -300000,
        "incomelossfromcontinuingoperationsbeforeincometaxesextraordinaryitemsnoncontrollinginterest": 2300000,
        "incometaxexpensebenefit": -3700000,
        "netincomeloss": -11200000,
        "earningspersharebasic": 1.0899999999999999,
        "earningspersharediluted": 1.0900000000000003,
        "weightedaveragenumberofsharesoutstandingbasic": -347700000,
        "weightedaveragenumberofdilutedsharesoutstanding": -348500000,
        "comprehensiveincomenetoftax": 262100000
    },
    {
        "date": "2021-06-29",
        "symbol": "PCAR",
        "period": "Q2",
        "revenuefromcontractwithcustomerexcludingassessedtax": 24100000,
        "interestandfeeincomeloansandleases": 132400000,
        "operatingleasesincomestatementleaserevenue": 323900000,
        "revenues": 5843900000,
        "costofgoodsandservicessold": 3700000,
        "researchanddevelopmentexpense": 84400000,
        "interestandotherborrowingexpense": 12200000,
        "depreciationonequipmentonoperatingleaseandothervehiclerelatedexpenseandotherexpense": 280500000,
        "sellinggeneralandadministrativeexpense": 32200000.000000004,
        "provisionforloanleaseandotherlosses": -500000,
        "othernonoperatingincomeexpense": -200000,
        "costsandexpenses": 349800000,
        "investmentincomenet": -600000,
        "incomelossfromcontinuingoperationsbeforeincometaxesextraordinaryitemsnoncontrollinginterest": 4900000,
        "incometaxexpensebenefit": -3600000,
        "netincomeloss": -11900000,
        "earningspersharebasic": 1.42,
        "earningspersharediluted": 1.41,
        "weightedaveragenumberofsharesoutstandingbasic": 347800000,
        "weightedaveragenumberofdilutedsharesoutstanding": 348500000,
        "comprehensiveincomenetoftax": 579700000
    },
    {
        "date": "2021-03-30",
        "symbol": "PCAR",
        "period": "Q1",
        "revenuefromcontractwithcustomerexcludingassessedtax": 19800000,
        "interestandfeeincomeloansandleases": 129900000,
        "operatingleasesincomestatementleaserevenue": 302100000,
        "revenues": 5845500000,
        "costofgoodsandservicessold": 2300000,
        "researchanddevelopmentexpense": 80100000,
        "interestandotherborrowingexpense": -22700000,
        "depreciationonequipmentonoperatingleaseandothervehiclerelatedexpenseandotherexpense": 278700000,
        "sellinggeneralandadministrativeexpense": 31200000,
        "provisionforloanleaseandotherlosses": 3700000,
        "othernonoperatingincomeexpense": -200000,
        "costsandexpenses": 355600000,
        "investmentincomenet": -600000,
        "incomelossfromcontinuingoperationsbeforeincometaxesextraordinaryitemsnoncontrollinginterest": 5200000,
        "incometaxexpensebenefit": -3400000,
        "netincomeloss": -11000000,
        "earningspersharebasic": 1.35,
        "earningspersharediluted": 1.35,
        "weightedaveragenumberofsharesoutstandingbasic": 347600000,
        "weightedaveragenumberofdilutedsharesoutstanding": 348400000,
        "comprehensiveincomenetoftax": 404000000
    },
    {
        "date": "2020-12-30",
        "symbol": "PCAR",
        "period": "Q4",
        "revenuefromcontractwithcustomerexcludingassessedtax": 16800000,
        "interestandfeeincomeloansandleases": 131400000,
        "operatingleasesincomestatementleaserevenue": 301200000,
        "revenues": 5568600000,
        "costofgoodsandservicessold": 1500000,
        "researchanddevelopmentexpense": 71700000,
        "interestandotherborrowingexpense": 81300000,
        "depreciationonequipmentonoperatingleaseandothervehiclerelatedexpenseandotherexpense": 60500000,
        "sellinggeneralandadministrativeexpense": 32000000,
        "provisionforloanleaseandotherlosses": 1200000,
        "othernonoperatingincomeexpense": -3100000,
        "costsandexpenses": 368800000,
        "investmentincomenet": 3000000,
        "incomelossfromcontinuingoperationsbeforeincometaxesextraordinaryitemsnoncontrollinginterest": -4600000,
        "incometaxexpensebenefit": -3500000,
        "netincomeloss": -11100000,
        "earningspersharebasic": 1.1599999999999997,
        "earningspersharediluted": 1.1699999999999997,
        "weightedaveragenumberofsharesoutstandingbasic": -693300000,
        "weightedaveragenumberofdilutedsharesoutstanding": -694300000,
        "comprehensiveincomenetoftax": 544500000
    },
    {
        "date": "2020-09-29",
        "symbol": "PCAR",
        "period": "Q3",
        "revenuefromcontractwithcustomerexcludingassessedtax": 18200000,
        "interestandfeeincomeloansandleases": 127700000,
        "operatingleasesincomestatementleaserevenue": 269900000,
        "revenues": 4936000000,
        "costofgoodsandservicessold": 2500000,
        "researchanddevelopmentexpense": 64700000,
        "interestandotherborrowingexpense": 50500000,
        "depreciationonequipmentonoperatingleaseandothervehiclerelatedexpenseandotherexpense": 262500000,
        "sellinggeneralandadministrativeexpense": 31300000,
        "provisionforloanleaseandotherlosses": 3100000,
        "othernonoperatingincomeexpense": -500000,
        "costsandexpenses": 342100000,
        "investmentincomenet": -600000,
        "incomelossfromcontinuingoperationsbeforeincometaxesextraordinaryitemsnoncontrollinginterest": 7700000,
        "incometaxexpensebenefit": -2800000,
        "netincomeloss": -9200000,
        "earningspersharebasic": 1.11,
        "earningspersharediluted": 1.11,
        "weightedaveragenumberofsharesoutstandingbasic": 346800000,
        "weightedaveragenumberofdilutedsharesoutstanding": 347600000,
        "comprehensiveincomenetoftax": 486400000
    },
    {
        "date": "2020-06-29",
        "symbol": "PCAR",
        "period": "Q2",
        "revenuefromcontractwithcustomerexcludingassessedtax": 19800000,
        "interestandfeeincomeloansandleases": 126200000,
        "operatingleasesincomestatementleaserevenue": 234100000,
        "revenues": 3062200000,
        "costofgoodsandservicessold": -1100000,
        "researchanddevelopmentexpense": 66500000,
        "interestandotherborrowingexpense": 30400000,
        "depreciationonequipmentonoperatingleaseandothervehiclerelatedexpenseandotherexpense": 224100000,
        "sellinggeneralandadministrativeexpense": 26300000,
        "provisionforloanleaseandotherlosses": 7500000,
        "othernonoperatingincomeexpense": -1000000,
        "costsandexpenses": 304800000,
        "investmentincomenet": -600000,
        "incomelossfromcontinuingoperationsbeforeincometaxesextraordinaryitemsnoncontrollinginterest": 13800000,
        "incometaxexpensebenefit": -3200000,
        "netincomeloss": -9800000,
        "earningspersharebasic": 0.43,
        "earningspersharediluted": 0.43,
        "weightedaveragenumberofsharesoutstandingbasic": 346400000,
        "weightedaveragenumberofdilutedsharesoutstanding": 346800000,
        "comprehensiveincomenetoftax": 241700000
    },
    {
        "date": "2020-03-30",
        "symbol": "PCAR",
        "period": "Q1",
        "revenuefromcontractwithcustomerexcludingassessedtax": 21800000,
        "interestandfeeincomeloansandleases": 142100000,
        "operatingleasesincomestatementleaserevenue": 241600000,
        "revenues": 5161700000,
        "costofgoodsandservicessold": -1200000,
        "researchanddevelopmentexpense": 71000000,
        "interestandotherborrowingexpense": -67700000,
        "depreciationonequipmentonoperatingleaseandothervehiclerelatedexpenseandotherexpense": 229400000,
        "sellinggeneralandadministrativeexpense": 32600000,
        "provisionforloanleaseandotherlosses": 17000000,
        "othernonoperatingincomeexpense": -7000000,
        "costsandexpenses": 335400000,
        "investmentincomenet": -400000,
        "incomelossfromcontinuingoperationsbeforeincometaxesextraordinaryitemsnoncontrollinginterest": 1300000,
        "incometaxexpensebenefit": -4200000,
        "netincomeloss": -13500000,
        "earningspersharebasic": 1.04,
        "earningspersharediluted": 1.03,
        "weightedaveragenumberofsharesoutstandingbasic": 346900000,
        "weightedaveragenumberofdilutedsharesoutstanding": 347300000,
        "comprehensiveincomenetoftax": 75600000
    },
    {
        "date": "2019-12-30",
        "symbol": "PCAR",
        "period": "Q4",
        "revenuefromcontractwithcustomerexcludingassessedtax": 24100000,
        "interestandfeeincomeloansandleases": 149800000,
        "operatingleasesincomestatementleaserevenue": 256500000,
        "revenues": 6117200000,
        "costofgoodsandservicessold": -99999.99999999953,
        "researchanddevelopmentexpense": 83600000,
        "interestandotherborrowingexpense": 55800000,
        "depreciationonequipmentonoperatingleaseandothervehiclerelatedexpenseandotherexpense": 165300000,
        "sellinggeneralandadministrativeexpense": 35200000,
        "provisionforloanleaseandotherlosses": 3600000,
        "othernonoperatingincomeexpense": 4300000,
        "costsandexpenses": 338200000,
        "investmentincomenet": -18700000,
        "incomelossfromcontinuingoperationsbeforeincometaxesextraordinaryitemsnoncontrollinginterest": -1300000,
        "incometaxexpensebenefit": -1200000,
        "netincomeloss": -4300000,
        "earningspersharebasic": 1.5299999999999998,
        "earningspersharediluted": 1.5299999999999998,
        "weightedaveragenumberofsharesoutstandingbasic": 299305.8,
        "weightedaveragenumberofdilutedsharesoutstanding": 299304.5,
        "comprehensiveincomenetoftax": 621200000
    },
    {
        "date": "2019-09-29",
        "symbol": "PCAR",
        "period": "Q3",
        "revenuefromcontractwithcustomerexcludingassessedtax": 25900000,
        "interestandfeeincomeloansandleases": 148300000,
        "operatingleasesincomestatementleaserevenue": 214500000,
        "revenues": 6367000000,
        "costofgoodsandservicessold": -300000,
        "researchanddevelopmentexpense": 82200000,
        "interestandotherborrowingexpense": -35000000,
        "depreciationonequipmentonoperatingleaseandothervehiclerelatedexpenseandotherexpense": 195300000,
        "sellinggeneralandadministrativeexpense": 35800000,
        "provisionforloanleaseandotherlosses": 5600000,
        "othernonoperatingincomeexpense": -5000000,
        "costsandexpenses": 296300000,
        "investmentincomenet": -200000,
        "incomelossfromcontinuingoperationsbeforeincometaxesextraordinaryitemsnoncontrollinginterest": 1100000,
        "incometaxexpensebenefit": -1300000,
        "netincomeloss": -4099999.9999999995,
        "earningspersharebasic": 1.75,
        "earningspersharediluted": 1.75,
        "weightedaveragenumberofsharesoutstandingbasic": 346600000,
        "weightedaveragenumberofdilutedsharesoutstanding": 347200000,
        "comprehensiveincomenetoftax": 480100000
    },
    {
        "date": "2019-06-29",
        "symbol": "PCAR",
        "period": "Q2",
        "revenuefromcontractwithcustomerexcludingassessedtax": 29200000,
        "interestandfeeincomeloansandleases": 147800000,
        "operatingleasesincomestatementleaserevenue": 213600000,
        "revenues": 6627900000,
        "costofgoodsandservicessold": -1600000,
        "researchanddevelopmentexpense": 82500000,
        "interestandotherborrowingexpense": 5000000,
        "depreciationonequipmentonoperatingleaseandothervehiclerelatedexpenseandotherexpense": 183600000,
        "sellinggeneralandadministrativeexpense": 33500000,
        "provisionforloanleaseandotherlosses": 4000000,
        "othernonoperatingincomeexpense": -300000,
        "costsandexpenses": 281100000,
        "investmentincomenet": -100000,
        "incomelossfromcontinuingoperationsbeforeincometaxesextraordinaryitemsnoncontrollinginterest": -9000000,
        "incometaxexpensebenefit": -1400000,
        "netincomeloss": -4800000,
        "earningspersharebasic": 1.79,
        "earningspersharediluted": 1.78,
        "weightedaveragenumberofsharesoutstandingbasic": 347,
        "weightedaveragenumberofdilutedsharesoutstanding": 347.7,
        "comprehensiveincomenetoftax": 653000000
    },
    {
        "date": "2019-03-30",
        "symbol": "PCAR",
        "period": "Q1",
        "revenuefromcontractwithcustomerexcludingassessedtax": 26100000,
        "interestandfeeincomeloansandleases": 137100000,
        "operatingleasesincomestatementleaserevenue": 212400000,
        "revenues": 6487600000,
        "costofgoodsandservicessold": -2100000,
        "researchanddevelopmentexpense": 78300000,
        "interestandotherborrowingexpense": 6700000,
        "depreciationonequipmentonoperatingleaseandothervehiclerelatedexpenseandotherexpense": 177400000,
        "sellinggeneralandadministrativeexpense": 32500000,
        "provisionforloanleaseandotherlosses": 2200000,
        "othernonoperatingincomeexpense": -400000,
        "costsandexpenses": 265500000,
        "investmentincomenet": 19300000,
        "incomelossfromcontinuingoperationsbeforeincometaxesextraordinaryitemsnoncontrollinginterest": -8500000,
        "incometaxexpensebenefit": -1100000,
        "netincomeloss": -3700000,
        "earningspersharebasic": 1.81,
        "earningspersharediluted": 1.81,
        "weightedaveragenumberofsharesoutstandingbasic": 347.2,
        "weightedaveragenumberofdilutedsharesoutstanding": 347.8,
        "comprehensiveincomenetoftax": 632000000
    },
    {
        "date": "2018-12-30",
        "symbol": "PCAR",
        "period": "Q4",
        "interestandfeeincomeloansandleases": 132400000,
        "operatingleasesincomestatementleaserevenue": 152300000,
        "costofgoodsandservicessold": -1400000,
        "researchanddevelopmentexpense": 80500000,
        "interestandotherborrowingexpense": -32200000,
        "depreciationonequipmentonoperatingleaseandothervehiclerelatedexpenseandotherexpense": 136500000,
        "sellinggeneralandadministrativeexpense": 29600000,
        "provisionforloanleaseandotherlosses": 7000000,
        "othernonoperatingincomeexpense": -400000,
        "costsandexpenses": 259800000,
        "investmentincomenet": -14600000,
        "incomelossfromcontinuingoperationsbeforeincometaxesextraordinaryitemsnoncontrollinginterest": 302800000,
        "incometaxexpensebenefit": -3500000,
        "netincomeloss": -5700000,
        "earningspersharebasic": 1.6600000000000004,
        "earningspersharediluted": 1.6500000000000006,
        "weightedaveragenumberofsharesoutstandingbasic": -1054899649,
        "weightedaveragenumberofdilutedsharesoutstanding": -1057499648.2,
        "comprehensiveincomenetoftax": 8500000
    },
    {
        "date": "2018-09-29",
        "symbol": "PCAR",
        "period": "Q3",
        "revenuefromcontractwithcustomerexcludingassessedtax": 27400000,
        "interestandfeeincomeloansandleases": 128000000,
        "operatingleasesincomestatementleaserevenue": 211900000,
        "revenues": 5756800000,
        "costofgoodsandservicessold": -1600000,
        "researchanddevelopmentexpense": 72900000,
        "interestandotherborrowingexpense": -3700000,
        "depreciationonequipmentonoperatingleaseandothervehiclerelatedexpenseandotherexpense": 178500000,
        "sellinggeneralandadministrativeexpense": 29300000,
        "provisionforloanleaseandotherlosses": 4300000,
        "othernonoperatingincomeexpense": -300000,
        "costsandexpenses": 261100000,
        "investmentincomenet": 100000,
        "incomelossfromcontinuingoperationsbeforeincometaxesextraordinaryitemsnoncontrollinginterest": -5900000,
        "incometaxexpensebenefit": -2200000,
        "netincomeloss": -6800000,
        "earningspersharebasic": 1.55,
        "earningspersharediluted": 1.55,
        "weightedaveragenumberofsharesoutstandingbasic": 350700000,
        "weightedaveragenumberofdilutedsharesoutstanding": 351500000,
        "commonstockdividendspersharedeclared": 0.28,
        "comprehensiveincomenetoftax": 9500000
    },
    {
        "date": "2018-06-29",
        "symbol": "PCAR",
        "period": "Q2",
        "revenuefromcontractwithcustomerexcludingassessedtax": 31400000,
        "interestandfeeincomeloansandleases": 121600000,
        "operatingleasesincomestatementleaserevenue": 216400000,
        "revenues": 5805200000,
        "costofgoodsandservicessold": -2500000,
        "researchanddevelopmentexpense": 76700000,
        "interestandotherborrowingexpense": -92100000,
        "depreciationonequipmentonoperatingleaseandothervehiclerelatedexpenseandotherexpense": 185500000,
        "sellinggeneralandadministrativeexpense": 29800000,
        "provisionforloanleaseandotherlosses": 4600000,
        "othernonoperatingincomeexpense": -300000,
        "costsandexpenses": 265600000,
        "investmentincomenet": 14600000,
        "incomelossfromcontinuingoperationsbeforeincometaxesextraordinaryitemsnoncontrollinginterest": 4100000,
        "incometaxexpensebenefit": -2500000,
        "netincomeloss": -7900000,
        "earningspersharebasic": 1.59,
        "earningspersharediluted": 1.59,
        "weightedaveragenumberofsharesoutstandingbasic": 351700000,
        "weightedaveragenumberofdilutedsharesoutstanding": 352500000,
        "commonstockdividendspersharedeclared": 0.28,
        "comprehensiveincomenetoftax": 800000
    },
    {
        "date": "2018-03-30",
        "symbol": "PCAR",
        "period": "Q1",
        "salesrevenuenet": 28900000,
        "interestandfeeincomeloansandleases": 115700000,
        "operatingleasesincomestatementleaserevenue": 216500000,
        "financialservicesrevenue": 332200000,
        "costofgoodsandservicessold": -1100000,
        "researchanddevelopmentexpense": 76000000,
        "interestandotherborrowingexpense": 9300000,
        "depreciationonequipmentonoperatingleaseandothervehiclerelatedexpenseandotherexpense": 186400000,
        "sellinggeneralandadministrativeexpense": 31100000,
        "provisionforloanleaseandotherlosses": 600000,
        "othernonoperatingincomeexpense": -400000,
        "costsandexpenses": 264700000,
        "investmentincomenet": -400000,
        "incomelossfromcontinuingoperationsbeforeincometaxesextraordinaryitemsnoncontrollinginterest": 4900000,
        "incometaxexpensebenefit": -500000,
        "netincomeloss": -7600000,
        "earningspersharebasic": 1.45,
        "earningspersharediluted": 1.45,
        "weightedaveragenumberofsharesoutstandingbasic": 352500000,
        "weightedaveragenumberofdilutedsharesoutstanding": 353500000,
        "commonstockdividendspersharedeclared": 0.25,
        "comprehensiveincomenetoftax": 3900000
    },
    {
        "date": "2017-12-30",
        "symbol": "PCAR",
        "period": "Q4",
        "salesrevenuenet": -1548200000,
        "interestandfeeincomeloansandleases": 113500000,
        "operatingleasesincomestatementleaserevenue": 141800000,
        "financialservicesrevenue": 332200000,
        "costofgoodsandservicessold": -7136600000,
        "researchanddevelopmentexpense": 70600000,
        "interestandotherborrowingexpense": 19500000,
        "depreciationonequipmentonoperatingleaseandothervehiclerelatedexpenseandotherexpense": 127000000,
        "sellinggeneralandadministrativeexpense": -50900000,
        "provisionforloanleaseandotherlosses": -15900000,
        "othernonoperatingincomeexpense": -900000,
        "costsandexpenses": 259700000,
        "investmentincomenet": 0,
        "incomelossfromcontinuingoperationsbeforeincometaxesextraordinaryitemsnoncontrollinginterest": -153900000,
        "incometaxexpensebenefit": -4600000,
        "netincomeloss": -13900000,
        "earningspersharebasic": 1.6800000000000002,
        "earningspersharediluted": 1.6700000000000004,
        "weightedaveragenumberofsharesoutstandingbasic": -703400000,
        "weightedaveragenumberofdilutedsharesoutstanding": -705400000,
        "comprehensiveincomenetoftax": 611800000
    },
    {
        "date": "2017-09-29",
        "symbol": "PCAR",
        "period": "Q3",
        "salesrevenuenet": 24100000,
        "interestandfeeincomeloansandleases": 111200000,
        "operatingleasesincomestatementleaserevenue": 217000000,
        "financialservicesrevenue": 328200000,
        "costofgoodsandservicessold": 200000,
        "researchanddevelopmentexpense": 67000000,
        "interestandotherborrowingexpense": 24600000,
        "depreciationonequipmentonoperatingleaseandothervehiclerelatedexpenseandotherexpense": 186200000,
        "sellinggeneralandadministrativeexpense": 200000,
        "provisionforloanleaseandotherlosses": 4700000,
        "othernonoperatingincomeexpense": -1000000,
        "costsandexpenses": 257000000,
        "investmentincomenet": 200000,
        "incomelossfromcontinuingoperationsbeforeincometaxesextraordinaryitemsnoncontrollinginterest": -3500000,
        "incometaxexpensebenefit": -2100000,
        "netincomeloss": -4500000,
        "earningspersharebasic": 1.14,
        "earningspersharediluted": 1.14,
        "weightedaveragenumberofsharesoutstandingbasic": 351900000,
        "weightedaveragenumberofdilutedsharesoutstanding": 352900000,
        "commonstockdividendspersharedeclared": 0.25,
        "comprehensiveincomenetoftax": 511700000
    },
    {
        "date": "2017-06-29",
        "symbol": "PCAR",
        "period": "Q2",
        "investmentincomenet": 100000,
        "interestandfeeincomeloansandleases": 104200000,
        "salesrevenuenet": 823100000,
        "operatingleasesincomestatementleaserevenue": 202100000,
        "costofgoodsandservicessold": 3755200000,
        "financialservicesrevenue": 306300000,
        "researchanddevelopmentexpense": 66100000,
        "interestandotherborrowingexpense": 37400000,
        "depreciationonequipmentonoperatingleaseandothervehiclerelatedexpenseandotherexpense": 172800000,
        "sellinggeneralandadministrativeexpense": 26300000,
        "provisionforloanleaseandotherlosses": 6800000,
        "othernonoperatingincomeexpense": -1500000,
        "costsandexpenses": 243300000,
        "incomelossfromcontinuingoperationsbeforeincometaxesextraordinaryitemsnoncontrollinginterest": 63000000,
        "incometaxexpensebenefit": -1900000,
        "netincomeloss": 100000,
        "earningspersharebasic": 1.06,
        "earningspersharediluted": 1.06,
        "weightedaveragenumberofsharesoutstandingbasic": 351800000,
        "weightedaveragenumberofdilutedsharesoutstanding": 352700000,
        "commonstockdividendspersharedeclared": 0.25,
        "comprehensiveincomenetoftax": 505800000
    },
    {
        "date": "2017-03-30",
        "symbol": "PCAR",
        "period": "Q1",
        "investmentincomenet": 300000,
        "interestandfeeincomeloansandleases": 102200000,
        "salesrevenuenet": 786700000,
        "operatingleasesincomestatementleaserevenue": 200000000,
        "costofgoodsandservicessold": 3382200000,
        "financialservicesrevenue": 302200000,
        "researchanddevelopmentexpense": 61000000,
        "interestandotherborrowingexpense": 34100000,
        "depreciationonequipmentonoperatingleaseandothervehiclerelatedexpenseandotherexpense": 179700000,
        "sellinggeneralandadministrativeexpense": 25200000,
        "provisionforloanleaseandotherlosses": 5900000,
        "othernonoperatingincomeexpense": 1600000,
        "costsandexpenses": 244900000,
        "incomelossfromcontinuingoperationsbeforeincometaxesextraordinaryitemsnoncontrollinginterest": 57300000,
        "incometaxexpensebenefit": 100000,
        "netincomeloss": 200000,
        "earningspersharebasic": 0.88,
        "earningspersharediluted": 0.88,
        "weightedaveragenumberofsharesoutstandingbasic": 351600000,
        "weightedaveragenumberofdilutedsharesoutstanding": 352700000,
        "commonstockdividendspersharedeclared": 0.24,
        "comprehensiveincomenetoftax": 380400000
    },
    {
        "date": "2016-12-30",
        "symbol": "PCAR",
        "period": "Q4",
        "investmentincomenet": -3100000,
        "interestandfeeincomeloansandleases": 105800000,
        "salesrevenuenet": 765000000,
        "operatingleasesincomestatementleaserevenue": 197900000,
        "costofgoodsandservicessold": 3243200000,
        "financialservicesrevenue": 303700000,
        "researchanddevelopmentexpense": 67600000,
        "interestandotherborrowingexpense": 32100000,
        "depreciationonequipmentonoperatingleaseandothervehiclerelatedexpenseandotherexpense": 165300000,
        "sellinggeneralandadministrativeexpense": 24500000,
        "provisionforloanleaseandotherlosses": 4100000,
        "costsandexpenses": 225800000,
        "incomelossfromcontinuingoperationsbeforeincometaxesextraordinaryitemsnoncontrollinginterest": 77900000,
        "incometaxexpensebenefit": 100000,
        "netincomeloss": 519100000,
        "earningspersharebasic": 0.83,
        "earningspersharediluted": 0.82,
        "weightedaveragenumberofsharesoutstandingbasic": 0,
        "weightedaveragenumberofdilutedsharesoutstanding": 0,
        "comprehensiveincomenetoftax": 87400000
    },
    {
        "date": "2016-09-29",
        "symbol": "PCAR",
        "period": "Q3",
        "investmentincomenet": 3200000,
        "interestandfeeincomeloansandleases": 105900000,
        "salesrevenuenet": 1463700000,
        "operatingleasesincomestatementleaserevenue": 190300000,
        "costofgoodsandservicessold": 6781700000,
        "financialservicesrevenue": 296200000,
        "researchanddevelopmentexpense": 59200000,
        "interestandotherborrowingexpense": 4600000,
        "depreciationonequipmentonoperatingleaseandothervehiclerelatedexpenseandotherexpense": 162600000,
        "sellinggeneralandadministrativeexpense": 49600000,
        "provisionforloanleaseandotherlosses": 5300000,
        "othernonoperatingincomeexpense": 0,
        "costsandexpenses": 225200000,
        "incomelossfromcontinuingoperationsbeforeincometaxesextraordinaryitemsnoncontrollinginterest": 93400000,
        "incometaxexpensebenefit": 18600000,
        "netincomeloss": 40100000,
        "earningspersharebasic": 0.9799999999999999,
        "earningspersharediluted": 0.9799999999999999,
        "weightedaveragenumberofsharesoutstandingbasic": -351100000,
        "weightedaveragenumberofdilutedsharesoutstanding": -351100000,
        "commonstockdividendspersharedeclared": 0.24,
        "comprehensiveincomenetoftax": 346600000
    },
    {
        "date": "2016-06-29",
        "symbol": "PCAR",
        "period": "Q2",
        "investmentincomenet": -400000,
        "interestandfeeincomeloansandleases": 107100000,
        "salesrevenuenet": 756400000,
        "operatingleasesincomestatementleaserevenue": 190300000,
        "costofgoodsandservicessold": 3489400000,
        "financialservicesrevenue": 297400000,
        "researchanddevelopmentexpense": 60800000,
        "interestandotherborrowingexpense": 32600000,
        "depreciationonequipmentonoperatingleaseandothervehiclerelatedexpenseandotherexpense": 156400000,
        "sellinggeneralandadministrativeexpense": 25100000,
        "provisionforloanleaseandotherlosses": 6000000,
        "othernonrecurringexpenseaccrualadjustment": -97300000,
        "othernonoperatingincomeexpense": -2500000,
        "costsandexpenses": 220100000,
        "incomelossfromcontinuingoperationsbeforeincometaxesextraordinaryitemsnoncontrollinginterest": 77300000,
        "incometaxexpensebenefit": -100000,
        "netincomeloss": -300000,
        "earningspersharebasic": 1.37,
        "earningspersharediluted": 1.37,
        "weightedaveragenumberofsharesoutstandingbasic": 350900000,
        "weightedaveragenumberofdilutedsharesoutstanding": 351600000,
        "commonstockdividendspersharedeclared": 0.24,
        "comprehensiveincomenetoftax": 443400000
    },
    {
        "date": "2016-03-30",
        "symbol": "PCAR",
        "period": "Q1",
        "investmentincomenet": 700000,
        "interestandfeeincomeloansandleases": 107400000,
        "salesrevenuenet": 20600000,
        "operatingleasesincomestatementleaserevenue": 182000000,
        "costofgoodsandservicessold": 3400000,
        "financialservicesrevenue": 289400000,
        "researchanddevelopmentexpense": 59600000,
        "interestandotherborrowingexpense": 57900000,
        "depreciationonequipmentonoperatingleaseandothervehiclerelatedexpenseandotherexpense": 150900000,
        "sellinggeneralandadministrativeexpense": 200000,
        "provisionforloanleaseandotherlosses": 3200000,
        "othernonrecurringexpense": 850000000,
        "othernonoperatingincomeexpense": -1700000,
        "costsandexpenses": 209100000,
        "incomelossfromcontinuingoperationsbeforeincometaxesextraordinaryitemsnoncontrollinginterest": 57900000,
        "incometaxexpensebenefit": -17600000,
        "netincomeloss": -37200000,
        "earningspersharebasic": -1.69,
        "earningspersharediluted": -1.69,
        "weightedaveragenumberofsharesoutstandingbasic": 351300000,
        "weightedaveragenumberofdilutedsharesoutstanding": 351300000,
        "commonstockdividendspersharedeclared": 0.24,
        "comprehensiveincomenetoftax": -466800000
    },
    {
        "date": "2015-12-30",
        "symbol": "PCAR",
        "period": "Q4",
        "investmentincomenet": 5200000,
        "interestandfeeincomeloansandleases": 110900000,
        "salesrevenuenet": -726000000,
        "operatingleasesincomestatementleaserevenue": 122000000,
        "costofgoodsandservicessold": 3469400000,
        "financialservicesrevenue": 292800000,
        "researchanddevelopmentexpense": 66700000,
        "interestandotherborrowingexpense": 30100000,
        "depreciationonequipmentonoperatingleaseandothervehiclerelatedexpenseandotherexpense": 97400000,
        "sellinggeneralandadministrativeexpense": 24200000,
        "provisionforloanleaseandotherlosses": 4900000,
        "othernonoperatingincomeexpense": -1600000,
        "costsandexpenses": 202900000,
        "incometaxexpensebenefit": 151500000,
        "netincomeloss": 347200000,
        "earningspersharebasic": 0.9799999999999998,
        "earningspersharediluted": 0.98,
        "weightedaveragenumberofsharesoutstandingbasic": -710800000,
        "weightedaveragenumberofdilutedsharesoutstanding": -712700000,
        "comprehensiveincomenetoftax": 288400000
    },
    {
        "date": "2015-09-29",
        "symbol": "PCAR",
        "period": "Q3",
        "investmentincomenet": 6200000,
        "interestandfeeincomeloansandleases": 110900000,
        "salesrevenuenet": 23500000,
        "operatingleasesincomestatementleaserevenue": 190100000,
        "costofgoodsandservicessold": 3851300000,
        "financialservicesrevenue": 301000000,
        "researchanddevelopmentexpense": 57600000,
        "interestandotherborrowingexpense": 29200000,
        "depreciationonequipmentonoperatingleaseandothervehiclerelatedexpenseandotherexpense": 152500000,
        "sellinggeneralandadministrativeexpense": 24000000,
        "provisionforloanleaseandotherlosses": 2400000,
        "othernonoperatingincomeexpense": -4900000,
        "costsandexpenses": 208100000,
        "incomelossfromcontinuingoperationsbeforeincometaxesextraordinaryitemsnoncontrollinginterest": 92900000,
        "incometaxexpensebenefit": 193300000,
        "netincomeloss": 431200000,
        "earningspersharebasic": 1.21,
        "earningspersharediluted": 1.21,
        "weightedaveragenumberofsharesoutstandingbasic": 355000000,
        "weightedaveragenumberofdilutedsharesoutstanding": 355900000,
        "commonstockdividendspersharedeclared": 0.24,
        "comprehensiveincomenetoftax": 282600000
    },
    {
        "date": "2015-06-29",
        "symbol": "PCAR",
        "period": "Q2",
        "investmentincomenet": 5300000,
        "interestandfeeincomeloansandleases": 111100000,
        "salesrevenuenet": 776500000,
        "operatingleasesincomestatementleaserevenue": 182700000,
        "costofgoodsandservicessold": 4061200000,
        "financialservicesrevenue": 293800000,
        "researchanddevelopmentexpense": 59300000,
        "interestandotherborrowingexpense": 29600000,
        "depreciationonequipmentonoperatingleaseandothervehiclerelatedexpenseandotherexpense": 145900000,
        "sellinggeneralandadministrativeexpense": 23900000,
        "provisionforloanleaseandotherlosses": 3600000,
        "othernonoperatingincomeexpense": -1300000,
        "costsandexpenses": 203000000,
        "incomelossfromcontinuingoperationsbeforeincometaxesextraordinaryitemsnoncontrollinginterest": 145700000,
        "incometaxexpensebenefit": 205000000,
        "netincomeloss": 447200000,
        "earningspersharebasic": 1.26,
        "earningspersharediluted": 1.26,
        "weightedaveragenumberofsharesoutstandingbasic": 355300000,
        "weightedaveragenumberofdilutedsharesoutstanding": 356300000,
        "commonstockdividendspersharedeclared": 0.22,
        "comprehensiveincomenetoftax": 554900000
    },
    {
        "date": "2015-03-30",
        "symbol": "PCAR",
        "period": "Q1",
        "investmentincomenet": 5100000,
        "interestandfeeincomeloansandleases": 110900000,
        "salesrevenuenet": 26200000,
        "operatingleasesincomestatementleaserevenue": 173800000,
        "costofgoodsandservicessold": 3910200000,
        "financialservicesrevenue": 284700000,
        "researchanddevelopmentexpense": 56200000,
        "interestandotherborrowingexpense": 29100000,
        "depreciationonequipmentonoperatingleaseandothervehiclerelatedexpenseandotherexpense": 140400000,
        "sellinggeneralandadministrativeexpense": 23500000,
        "provisionforloanleaseandotherlosses": 700000,
        "othernonoperatingincomeexpense": -4500000,
        "costsandexpenses": 195700000,
        "incomelossfromcontinuingoperationsbeforeincometaxesminorityinterestandincomelossfromequitymethodinvestments": 89000000,
        "incometaxexpensebenefit": 183300000,
        "netincomeloss": 378400000,
        "earningspersharebasic": 1.07,
        "earningspersharediluted": 1.06,
        "weightedaveragenumberofsharesoutstandingbasic": 355100000,
        "weightedaveragenumberofdilutedsharesoutstanding": 356100000,
        "commonstockdividendspersharedeclared": 0.22,
        "comprehensiveincomenetoftax": 40900000
    },
    {
        "date": "2014-12-30",
        "symbol": "PCAR",
        "period": "Q4",
        "investmentincomenet": 10700000,
        "interestandfeeincomeloansandleases": 117000000,
        "salesrevenuenet": -8798600000,
        "operatingleasesincomestatementleaserevenue": 185000000,
        "costofgoodsandservicessold": 7756000000,
        "financialservicesrevenue": 302000000,
        "researchanddevelopmentexpense": 62500000,
        "interestandotherborrowingexpense": 60500000,
        "depreciationonequipmentonoperatingleaseandothervehiclerelatedexpenseandotherexpense": 148500000,
        "sellinggeneralandadministrativeexpense": 23500000,
        "provisionforloanleaseandotherlosses": -10000000,
        "othernonoperatingincomeexpense": -2800000,
        "costsandexpenses": 205700000,
        "incomelossfromcontinuingoperationsbeforeincometaxesminorityinterestandincomelossfromequitymethodinvestments": 191000000,
        "incometaxexpensebenefit": 315900000,
        "netincomeloss": 667900000,
        "earningspersharebasic": 1.1100000000000003,
        "earningspersharediluted": 1.1099999999999999,
        "weightedaveragenumberofsharesoutstandingbasic": -710200000,
        "weightedaveragenumberofdilutedsharesoutstanding": -712500000,
        "comprehensiveincomenetoftax": 13100000
    },
    {
        "date": "2014-09-29",
        "symbol": "PCAR",
        "period": "Q3",
        "investmentincomenet": 5700000,
        "interestandfeeincomeloansandleases": 118000000,
        "salesrevenuenet": 4622500000,
        "operatingleasesincomestatementleaserevenue": 187900000,
        "costofgoodsandservicessold": 4006300000,
        "financialservicesrevenue": 305900000,
        "researchanddevelopmentexpense": 50500000,
        "interestandotherborrowingexpense": 32600000,
        "depreciationonequipmentonoperatingleaseandothervehiclerelatedexpenseandotherexpense": 147300000,
        "sellinggeneralandadministrativeexpense": 24300000,
        "provisionforloanleaseandotherlosses": 4800000,
        "othernonoperatingincomeexpense": -3500000,
        "costsandexpenses": 209000000,
        "incomelossfromcontinuingoperationsbeforeincometaxesminorityinterestandincomelossfromequitymethodinvestments": 96900000,
        "incometaxexpensebenefit": 181000000,
        "netincomeloss": 371400000,
        "earningspersharebasic": 1.05,
        "earningspersharediluted": 1.04,
        "weightedaveragenumberofsharesoutstandingbasic": 355200000,
        "weightedaveragenumberofdilutedsharesoutstanding": 356300000,
        "commonstockdividendspersharedeclared": 0.22,
        "comprehensiveincomenetoftax": 109300000
    },
    {
        "date": "2014-06-29",
        "symbol": "PCAR",
        "period": "Q2",
        "investmentincomenet": 5500000,
        "interestandfeeincomeloansandleases": 114700000,
        "salesrevenuenet": 4267000000,
        "operatingleasesincomestatementleaserevenue": 187900000,
        "costofgoodsandservicessold": 3719400000,
        "financialservicesrevenue": 302600000,
        "researchanddevelopmentexpense": 49900000,
        "interestandotherborrowingexpense": 33700000,
        "depreciationonequipmentonoperatingleaseandothervehiclerelatedexpenseandotherexpense": 148400000,
        "sellinggeneralandadministrativeexpense": 24800000,
        "provisionforloanleaseandotherlosses": 4000000,
        "othernonoperatingincomeexpense": 900000,
        "costsandexpenses": 210900000,
        "incomelossfromcontinuingoperationsbeforeincometaxesminorityinterestandincomelossfromequitymethodinvestments": 91700000,
        "incometaxexpensebenefit": 161800000,
        "netincomeloss": 319200000,
        "earningspersharebasic": 0.9,
        "earningspersharediluted": 0.9,
        "weightedaveragenumberofsharesoutstandingbasic": 355100000,
        "weightedaveragenumberofdilutedsharesoutstanding": 356300000,
        "commonstockdividendspersharedeclared": 0.22,
        "comprehensiveincomenetoftax": 368700000
    },
    {
        "date": "2014-03-30",
        "symbol": "PCAR",
        "period": "Q1",
        "investmentincomenet": 400000,
        "interestandfeeincomeloansandleases": 112900000,
        "salesrevenuenet": 30400000,
        "operatingleasesincomestatementleaserevenue": 180800000,
        "costofgoodsandservicessold": -100000,
        "financialservicesrevenue": 293700000,
        "researchanddevelopmentexpense": 52700000,
        "interestandotherborrowingexpense": 6900000,
        "depreciationonequipmentonoperatingleaseandothervehiclerelatedexpenseandotherexpense": 144300000,
        "sellinggeneralandadministrativeexpense": 23600000,
        "provisionforloanleaseandotherlosses": 2900000,
        "othernonoperatingincomeexpense": -100000,
        "costsandexpenses": 208200000,
        "incomelossfromcontinuingoperationsbeforeincometaxesminorityinterestandincomelossfromequitymethodinvestments": -9200000,
        "incometaxexpensebenefit": 100000,
        "netincomeloss": 300000,
        "earningspersharebasic": 0.77,
        "earningspersharediluted": 0.77,
        "weightedaveragenumberofsharesoutstandingbasic": 354900000,
        "weightedaveragenumberofdilutedsharesoutstanding": 356000000,
        "commonstockdividendspersharedeclared": 0.2,
        "comprehensiveincomenetoftax": 279200000
    },
    {
        "date": "2013-12-30",
        "symbol": "PCAR",
        "period": "Q4",
        "investmentincomenet": 6800000,
        "interestandfeeincomeloansandleases": 117600000,
        "salesrevenuenet": 31000000,
        "operatingleasesincomestatementleaserevenue": 101500000,
        "costofgoodsandservicessold": 3725700000,
        "financialservicesrevenue": 299500000,
        "researchanddevelopmentexpense": 60900000,
        "depreciationonequipmentonoperatingleaseandothervehiclerelatedexpenseandotherexpense": 80300000,
        "sellinggeneralandadministrativeexpense": -70800000,
        "provisionforloanandleaselosses": -2500000,
        "othernonoperatingincomeexpense": -900000,
        "costsandexpenses": -2958500000,
        "incomelossfromcontinuingoperationsbeforeincometaxesminorityinterestandincomelossfromequitymethodinvestments": 75200000,
        "incometaxexpensebenefit": 150700000,
        "netincomeloss": 334200000,
        "earningspersharebasic": 0.9500000000000001,
        "earningspersharediluted": 0.9399999999999998,
        "weightedaveragenumberofsharesoutstandingbasic": -708300000,
        "weightedaveragenumberofdilutedsharesoutstanding": -710000000,
        "comprehensiveincomenetoftax": 534000000
    },
    {
        "date": "2013-09-29",
        "symbol": "PCAR",
        "period": "Q3",
        "investmentincomenet": 7300000,
        "interestandfeeincomeloansandleases": 116400000,
        "salesrevenuenet": 30100000,
        "operatingleasesincomestatementleaserevenue": 177100000,
        "costofgoodsandservicessold": 3491100000,
        "financialservicesrevenue": 293500000,
        "researchanddevelopmentexpense": 56600000,
        "interestexpense": 37900000,
        "depreciationonequipmentonoperatingleaseandothervehiclerelatedexpenseandotherexpense": 140200000,
        "sellinggeneralandadministrativeexpense": 23600000,
        "provisionforloanandleaselosses": 3600000,
        "othernonoperatingincomeexpense": -3300000,
        "costsandexpenses": 205300000,
        "incomelossfromcontinuingoperationsbeforeincometaxesminorityinterestandincomelossfromequitymethodinvestments": 88200000,
        "incometaxexpensebenefit": 130600000,
        "netincomeloss": 309400000,
        "earningspersharebasic": 0.87,
        "earningspersharediluted": 0.87,
        "weightedaveragenumberofsharesoutstandingbasic": 354400000,
        "weightedaveragenumberofdilutedsharesoutstanding": 355400000,
        "commonstockdividendspersharedeclared": 0.2,
        "comprehensiveincomenetoftax": 428200000
    },
    {
        "date": "2013-06-29",
        "symbol": "PCAR",
        "period": "Q2",
        "investmentincomenet": 8000000,
        "interestandfeeincomeloansandleases": 115000000,
        "salesrevenuenet": 32200000,
        "operatingleasesincomestatementleaserevenue": 173800000,
        "costofgoodsandservicessold": 3494600000,
        "financialservicesrevenue": 288800000,
        "researchanddevelopmentexpense": 61800000,
        "interestexpense": 39400000,
        "depreciationonequipmentonoperatingleaseandothervehiclerelatedexpenseandotherexpense": 138900000,
        "sellinggeneralandadministrativeexpense": 23700000,
        "provisionforloanandleaselosses": 5300000,
        "othernonoperatingincomeexpense": 400000,
        "costsandexpenses": 207300000,
        "incomelossfromcontinuingoperationsbeforeincometaxesminorityinterestandincomelossfromequitymethodinvestments": 81500000,
        "incometaxexpensebenefit": 141300000,
        "netincomeloss": 291600000,
        "earningspersharebasic": 0.82,
        "earningspersharediluted": 0.82,
        "weightedaveragenumberofsharesoutstandingbasic": 354100000,
        "weightedaveragenumberofdilutedsharesoutstanding": 355000000,
        "commonstockdividendspersharedeclared": 0.2,
        "comprehensiveincomenetoftax": 220700000
    },
    {
        "date": "2013-03-30",
        "symbol": "PCAR",
        "period": "Q1",
        "investmentincomenet": 6500000,
        "interestandfeeincomeloansandleases": 113800000,
        "salesrevenuenet": 30500000,
        "operatingleasesincomestatementleaserevenue": 179300000,
        "costofgoodsandservicessold": 3189300000,
        "financialservicesrevenue": 293100000,
        "researchanddevelopmentexpense": 72100000,
        "interestexpense": 38900000,
        "depreciationonequipmentonoperatingleaseandothervehiclerelatedexpenseandotherexpense": 144100000,
        "sellinggeneralandadministrativeexpense": 117700000,
        "provisionforloanandleaselosses": 6500000,
        "othernonoperatingincomeexpense": -1500000,
        "costsandexpenses": 3380600000,
        "incomelossfromcontinuingoperationsbeforeincometaxesminorityinterestandincomelossfromequitymethodinvestments": 95300000,
        "incometaxexpensebenefit": 101100000,
        "netincomeloss": 236100000,
        "earningspersharebasic": 0.67,
        "earningspersharediluted": 0.67,
        "weightedaveragenumberofsharesoutstandingbasic": 354000000,
        "weightedaveragenumberofdilutedsharesoutstanding": 354800000,
        "commonstockdividendspersharedeclared": 0.2,
        "comprehensiveincomenetoftax": 156600000
    },
    {
        "date": "2012-12-30",
        "symbol": "PCAR",
        "period": "Q4",
        "investmentincomenet": 8200000,
        "interestandfeeincomeloansandleases": 116800000,
        "operatingleasesincomestatementleaserevenue": 87400000,
        "costofgoodsandservicessold": 3247400000,
        "financialservicesrevenue": 297800000,
        "researchanddevelopmentexpense": 66400000,
        "interestexpense": 40000000,
        "depreciationonequipmentonoperatingleaseandothervehiclerelatedexpenseandotherexpense": 149900000,
        "sellinggeneralandadministrativeexpense": 405600000,
        "provisionforloanandleaselosses": 4800000,
        "othernonoperatingincomeexpense": 100000,
        "costsandexpenses": 14091800000,
        "incomelossfromcontinuingoperationsbeforeincometaxesminorityinterestandincomelossfromequitymethodinvestments": 145500000,
        "incometaxexpensebenefit": 104700000,
        "netincomeloss": 253500000,
        "earningspersharebasic": 0.7199999999999996,
        "earningspersharediluted": 0.7199999999999999,
        "weightedaveragenumberofsharesoutstandingbasic": -711600000,
        "weightedaveragenumberofdilutedsharesoutstanding": -713100000,
        "comprehensiveincomenetoftax": 254600000
    },
    {
        "date": "2012-09-29",
        "symbol": "PCAR",
        "period": "Q3",
        "investmentincomenet": 7800000,
        "interestandfeeincomeloansandleases": 115500000,
        "revenues": 3546700000,
        "operatingleasesincomestatementleaserevenue": 158000000,
        "costofgoodsandservicessold": 3108500000,
        "financialservicesrevenue": 273500000,
        "researchanddevelopmentexpense": 66800000,
        "interestexpense": 40600000,
        "depreciationonequipmentonoperatingleaseandothervehiclerelatedexpenseandotherexpense": 127200000,
        "sellinggeneralandadministrativeexpense": 22600000,
        "provisionforloanandleaselosses": 2700000,
        "othernonoperatingincomeexpense": -300000,
        "costsandexpenses": 193100000,
        "incomelossfromcontinuingoperationsbeforeincometaxesminorityinterestandincomelossfromequitymethodinvestments": 80400000,
        "incometaxexpensebenefit": 111800000,
        "netincomeloss": 233600000,
        "earningspersharebasic": 0.66,
        "earningspersharediluted": 0.66,
        "weightedaveragenumberofsharesoutstandingbasic": 353700000,
        "weightedaveragenumberofdilutedsharesoutstanding": 354300000,
        "commonstockdividendspersharedeclared": 0.2,
        "comprehensiveincomenetoftax": 308900000
    },
    {
        "date": "2012-06-29",
        "symbol": "PCAR",
        "period": "Q2",
        "investmentincomenet": 8200000,
        "interestandfeeincomeloansandleases": 111500000,
        "revenues": 4191100000,
        "operatingleasesincomestatementleaserevenue": 154600000,
        "costofgoodsandservicessold": 3632500000,
        "financialservicesrevenue": 266100000,
        "researchanddevelopmentexpense": 73800000,
        "interestexpense": 38100000,
        "depreciationonequipmentonoperatingleaseandothervehiclerelatedexpenseandotherexpense": 121500000,
        "sellinggeneralandadministrativeexpense": 24100000,
        "provisionforloanandleaselosses": 5000000,
        "othernonoperatingincomeexpense": -1600000,
        "costsandexpenses": 188700000,
        "incomelossfromcontinuingoperationsbeforeincometaxesminorityinterestandincomelossfromequitymethodinvestments": 77400000,
        "incometaxexpensebenefit": 149100000,
        "netincomeloss": 297200000,
        "earningspersharebasic": 0.83,
        "earningspersharediluted": 0.83,
        "weightedaveragenumberofsharesoutstandingbasic": 356000000,
        "weightedaveragenumberofdilutedsharesoutstanding": 356800000,
        "commonstockdividendspersharedeclared": 0.2,
        "comprehensiveincomenetoftax": 185200000
    },
    {
        "date": "2012-03-30",
        "symbol": "PCAR",
        "period": "Q1",
        "investmentincomenet": 8900000,
        "interestandfeeincomeloansandleases": 109900000,
        "revenues": 4514700000,
        "operatingleasesincomestatementleaserevenue": 151500000,
        "costofgoodsandservicessold": 3919900000,
        "financialservicesrevenue": 261400000,
        "researchanddevelopmentexpense": 72300000,
        "interestexpense": 39700000,
        "depreciationonequipmentonoperatingleaseandothervehiclerelatedexpenseandotherexpense": 118800000,
        "sellinggeneralandadministrativeexpense": 24100000,
        "provisionforloanandleaselosses": 7500000,
        "othernonoperatingincomeexpense": 2100000,
        "costsandexpenses": 190100000,
        "incomelossfromcontinuingoperationsbeforeincometaxesminorityinterestandincomelossfromequitymethodinvestments": 71300000,
        "incometaxexpensebenefit": 151700000,
        "netincomeloss": 327300000,
        "earningspersharebasic": 0.92,
        "earningspersharediluted": 0.91,
        "weightedaveragenumberofsharesoutstandingbasic": 357000000,
        "weightedaveragenumberofdilutedsharesoutstanding": 357800000,
        "commonstockdividendspersharedeclared": 0.18,
        "comprehensiveincomenetoftax": 422400000
    },
    {
        "date": "2011-12-30",
        "symbol": "PCAR",
        "period": "Q4",
        "investmentincomenet": 9300000,
        "interestandfeeincomeloansandleases": 109700000,
        "revenues": -6876900000,
        "operatingleasesincomestatementleaserevenue": 156500000,
        "costofgoodsandservicessold": 3994400000,
        "financialservicesrevenue": 266200000,
        "researchanddevelopmentexpense": 72300000,
        "interestexpense": 44100000,
        "depreciationonequipmentonoperatingleaseandothervehiclerelatedexpenseandotherexpense": 123300000,
        "sellinggeneralandadministrativeexpense": 22200000,
        "provisionforloanandleaselosses": 9200000,
        "othernonoperatingincomeexpense": -3600000,
        "costsandexpenses": 198800000,
        "incomelossfromcontinuingoperationsbeforeincometaxesminorityinterestandincomelossfromequitymethodinvestments": 67400000,
        "incometaxexpensebenefit": 145000000,
        "netincomeloss": 327700000,
        "earningspersharebasic": 0.8999999999999997,
        "earningspersharediluted": 0.9099999999999999,
        "weightedaveragenumberofsharesoutstandingbasic": -731700000,
        "weightedaveragenumberofdilutedsharesoutstanding": -734200000
    },
    {
        "date": "2011-09-29",
        "symbol": "PCAR",
        "period": "Q3",
        "investmentincomenet": 11000000,
        "interestandfeeincomeloansandleases": 106500000,
        "revenues": 3993000000,
        "operatingleasesincomestatementleaserevenue": 157600000,
        "costofgoodsandservicessold": 3484000000,
        "financialservicesrevenue": 264100000,
        "researchanddevelopmentexpense": 70000000,
        "interestexpense": 44600000,
        "depreciationonequipmentonoperatingleaseandothervehiclerelatedexpenseandotherexpense": 123000000,
        "sellinggeneralandadministrativeexpense": 24000000,
        "provisionforloanandleaselosses": 10700000,
        "othernonoperatingincomeexpense": -4000000,
        "costsandexpenses": 202300000,
        "incomelossfromcontinuingoperationsbeforeincometaxesminorityinterestandincomelossfromequitymethodinvestments": 61800000,
        "incometaxexpensebenefit": 113100000,
        "netincomeloss": 281600000,
        "earningspersharebasic": 0.78,
        "earningspersharediluted": 0.77,
        "weightedaveragenumberofsharesoutstandingbasic": 363300000,
        "weightedaveragenumberofdilutedsharesoutstanding": 364200000,
        "commonstockdividendspersharedeclared": 0.18
    },
    {
        "date": "2011-06-29",
        "symbol": "PCAR",
        "period": "Q2",
        "investmentincomenet": 9900000,
        "interestandfeeincomeloansandleases": 105400000,
        "revenues": 3702700000,
        "operatingleasesincomestatementleaserevenue": 152600000,
        "costofgoodsandservicessold": 3231100000,
        "financialservicesrevenue": 258000000,
        "researchanddevelopmentexpense": 77500000,
        "interestexpense": 46100000,
        "depreciationonequipmentonoperatingleaseandothervehiclerelatedexpenseandotherexpense": 119400000,
        "sellinggeneralandadministrativeexpense": 24600000,
        "provisionforloanandleaselosses": 11000000,
        "othernonoperatingincomeexpense": 900000,
        "costsandexpenses": 201100000,
        "incomelossfromcontinuingoperationsbeforeincometaxesminorityinterestandincomelossfromequitymethodinvestments": 56900000,
        "incometaxexpensebenefit": 113500000,
        "netincomeloss": 239700000,
        "earningspersharebasic": 0.66,
        "earningspersharediluted": 0.65,
        "weightedaveragenumberofsharesoutstandingbasic": 365900000,
        "weightedaveragenumberofdilutedsharesoutstanding": 367200000,
        "commonstockdividendspersharedeclared": 0.12
    },
    {
        "date": "2011-03-30",
        "symbol": "PCAR",
        "period": "Q1",
        "investmentincomenet": 8000000,
        "interestandfeeincomeloansandleases": 101500000,
        "revenues": 3042600000,
        "operatingleasesincomestatementleaserevenue": 139500000,
        "costofgoodsandservicessold": 2632300000,
        "financialservicesrevenue": 241000000,
        "researchanddevelopmentexpense": 68400000,
        "interestexpense": 46500000,
        "depreciationonequipmentonoperatingleaseandothervehiclerelatedexpenseandotherexpense": 110500000,
        "sellinggeneralandadministrativeexpense": 23200000,
        "provisionforloanandleaselosses": 10500000,
        "othernonoperatingincomeexpense": -4000000,
        "costsandexpenses": 190700000,
        "incomelossfromcontinuingoperationsbeforeincometaxesminorityinterestandincomelossfromequitymethodinvestments": 50300000,
        "incometaxexpensebenefit": 93000000,
        "netincomeloss": 193300000,
        "earningspersharebasic": 0.53,
        "earningspersharediluted": 0.53,
        "weightedaveragenumberofsharesoutstandingbasic": 365800000,
        "weightedaveragenumberofdilutedsharesoutstanding": 367200000,
        "commonstockdividendspersharedeclared": 0.12
    },
    {
        "date": "2010-12-30",
        "symbol": "PCAR",
        "period": "Q4",
        "investmentincomenet": 6800000,
        "interestandfeeincomeloansandleases": 104800000,
        "revenues": 2811800000,
        "operatingleasesincomestatementleaserevenue": 139000000,
        "costofgoodsandservicessold": 2456900000,
        "financialservicesrevenue": 243800000,
        "researchanddevelopmentexpense": 65400000,
        "interestexpense": 49600000,
        "depreciationonequipmentonoperatingleaseandothervehiclerelatedexpenseandotherexpense": 116100000,
        "sellinggeneralandadministrativeexpense": 22800000,
        "provisionforloanandleaselosses": 5400000,
        "othernonoperatingincomeexpense": -200000,
        "costsandexpenses": 193900000,
        "incomelossfromcontinuingoperationsbeforeincometaxesminorityinterestandincomelossfromequitymethodinvestments": 49900000,
        "incometaxexpensebenefit": 69100000,
        "netincomeloss": 169800000,
        "earningspersharebasic": 0.4599999999999999,
        "earningspersharediluted": 0.4599999999999999,
        "weightedaveragenumberofsharesoutstandingbasic": -729400000,
        "weightedaveragenumberofdilutedsharesoutstanding": -731600000
    },
    {
        "date": "2010-09-29",
        "symbol": "PCAR",
        "period": "Q3",
        "investmentincomenet": 5500000,
        "interestandfeeincomeloansandleases": 101800000,
        "revenues": 2304200000,
        "operatingleasesincomestatementleaserevenue": 136500000,
        "costofgoodsandservicessold": 2019200000,
        "financialservicesrevenue": 238300000,
        "researchanddevelopmentexpense": 59900000,
        "interestexpense": 51800000,
        "depreciationonequipmentonoperatingleaseandothervehiclerelatedexpenseandotherexpense": 109400000,
        "sellinggeneralandadministrativeexpense": 21900000,
        "provisionforloanandleaselosses": 13700000,
        "othernonoperatingincomeexpense": -1000000,
        "costsandexpenses": 196800000,
        "incomelossfromcontinuingoperationsbeforeincometaxesminorityinterestandincomelossfromequitymethodinvestments": 41500000,
        "incometaxexpensebenefit": 56900000,
        "netincomeloss": 119900000,
        "earningspersharebasic": 0.33,
        "earningspersharediluted": 0.33,
        "weightedaveragenumberofsharesoutstandingbasic": 364900000,
        "weightedaveragenumberofdilutedsharesoutstanding": 366100000,
        "commonstockdividendspersharedeclared": 0.09
    },
    {
        "date": "2010-06-29",
        "symbol": "PCAR",
        "period": "Q2",
        "investmentincomenet": 4300000,
        "interestandfeeincomeloansandleases": 105000000,
        "revenues": 2224800000,
        "operatingleasesincomestatementleaserevenue": 134300000,
        "costofgoodsandservicessold": 1954900000,
        "financialservicesrevenue": 239300000,
        "researchanddevelopmentexpense": 58400000,
        "interestexpense": 54500000,
        "depreciationonequipmentonoperatingleaseandothervehiclerelatedexpenseandotherexpense": 108100000,
        "sellinggeneralandadministrativeexpense": 22500000,
        "provisionforloanandleaselosses": 20200000,
        "othernonoperatingincomeexpense": -3900000,
        "costsandexpenses": 205300000,
        "incomelossfromcontinuingoperationsbeforeincometaxesminorityinterestandincomelossfromequitymethodinvestments": 34000000,
        "incometaxexpensebenefit": 49000000,
        "netincomeloss": 99600000,
        "earningspersharebasic": 0.27,
        "earningspersharediluted": 0.27,
        "weightedaveragenumberofsharesoutstandingbasic": 364900000,
        "weightedaveragenumberofdilutedsharesoutstanding": 366000000,
        "commonstockdividendspersharedeclared": 0.09
    },
    {
        "date": "2010-03-30",
        "symbol": "PCAR",
        "period": "Q1",
        "investmentincomenet": 4500000,
        "interestandfeeincomeloansandleases": 110000000,
        "revenues": 1984300000,
        "operatingleasesincomestatementleaserevenue": 136400000,
        "costofgoodsandservicessold": 1767800000,
        "financialservicesrevenue": 246400000,
        "researchanddevelopmentexpense": 54800000,
        "interestexpense": 57100000,
        "depreciationonequipmentonoperatingleaseandothervehiclerelatedexpenseandotherexpense": 118000000,
        "sellinggeneralandadministrativeexpense": 21500000,
        "provisionforloanandleaselosses": 21700000,
        "othernonoperatingincomeexpense": -4200000,
        "costsandexpenses": 218300000,
        "incomelossfromcontinuingoperationsbeforeincometaxesminorityinterestandincomelossfromequitymethodinvestments": 28100000,
        "incometaxexpensebenefit": 27700000,
        "netincomeloss": 68300000,
        "earningspersharebasic": 0.19,
        "earningspersharediluted": 0.19,
        "weightedaveragenumberofsharesoutstandingbasic": 364600000,
        "weightedaveragenumberofdilutedsharesoutstanding": 365700000,
        "commonstockdividendspersharedeclared": 0.09
    },
    {
        "date": "2009-09-29",
        "symbol": "PCAR",
        "period": "Q3",
        "investmentincomenet": 4900000,
        "interestandfeeincomeloansandleases": 121700000,
        "revenues": 1758500000,
        "operatingleasesincomestatementleaserevenue": 120000000,
        "costofgoodsandservicessold": 1646500000,
        "financialservicesrevenue": 241700000,
        "researchanddevelopmentexpense": 43400000,
        "interestexpense": 66500000,
        "depreciationonequipmentonoperatingleaseandothervehiclerelatedexpenseandotherexpense": 109400000,
        "sellinggeneralandadministrativeexpense": 21100000,
        "provisionforloanandleaselosses": 26600000,
        "pensionandotherpostretirementbenefitexpense": -18300000,
        "othernonoperatingincomeexpense": -5700000,
        "costsandexpenses": 223600000,
        "incomelossfromcontinuingoperationsbeforeincometaxesminorityinterestandincomelossfromequitymethodinvestments": 18100000,
        "incometaxexpensebenefit": 3800000,
        "netincomeloss": 13000000,
        "earningspersharebasic": 0.04,
        "earningspersharediluted": 0.04,
        "weightedaveragenumberofsharesoutstandingbasic": 363800000,
        "weightedaveragenumberofdilutedsharesoutstanding": 365000000,
        "commonstockdividendspersharedeclared": 0.09
    }
]