[
    {
        "date": "2024-10-30",
        "symbol": "WMT",
        "period": "Q3",
        "revenuefromcontractwithcustomerexcludingassessedtax": 3100000000,
        "otherincome": 1585000000,
        "revenues": 169588000000,
        "costofrevenue": 127340000000,
        "sellinggeneralandadministrativeexpense": 35540000000,
        "operatingincomeloss": 6708000000,
        "interestexpensedebt": 496000000,
        "financeleaseinterestexpense": 122000000,
        "investmentincomeinterest": 140000000,
        "nonoperatingincomeexpense": -132000000,
        "incomelossfromcontinuingoperationsbeforeincometaxesextraordinaryitemsnoncontrollinginterest": 6098000000,
        "incometaxexpensebenefit": 1384000000,
        "profitloss": 4714000000,
        "netincomelossattributabletononcontrollinginterest": 137000000,
        "netincomeloss": 4577000000,
        "earningspersharebasic": 0.5700000000000002,
        "earningspersharediluted": 0.5599999999999999,
        "weightedaveragenumberofsharesoutstandingbasic": 8044000000,
        "weightedaveragenumberofdilutedsharesoutstanding": 8082000000,
        "othercomprehensiveincomelossforeigncurrencytransactionandtranslationadjustmentnetoftax": -520000000,
        "othercomprehensiveincomelosscashflowhedgegainlossafterreclassificationandtax": -4000000,
        "othercomprehensiveincomelossnetoftax": -524000000,
        "othercomprehensiveincomelossnetoftaxportionattributabletononcontrollinginterest": -177000000,
        "othercomprehensiveincomelossnetoftaxportionattributabletoparent": -347000000,
        "comprehensiveincomenetoftaxincludingportionattributabletononcontrollinginterest": 4190000000,
        "comprehensiveincomenetoftaxattributabletononcontrollinginterest": -40000000,
        "comprehensiveincomenetoftax": 4230000000
    },
    {
        "date": "2024-07-30",
        "symbol": "WMT",
        "period": "Q2",
        "revenuefromcontractwithcustomerexcludingassessedtax": -154338000000,
        "otherincome": 1568000000,
        "revenues": 169335000000,
        "costofrevenue": 126810000000,
        "sellinggeneralandadministrativeexpense": 34585000000,
        "operatingincomeloss": 7940000000,
        "interestexpensedebt": 557000000,
        "financeleaseinterestexpense": 122000000,
        "investmentincomeinterest": 114000000,
        "nonoperatingincomeexpense": -1162000000,
        "incomelossfromcontinuingoperationsbeforeincometaxesextraordinaryitemsnoncontrollinginterest": 6213000000,
        "incometaxexpensebenefit": 1502000000,
        "profitloss": 4711000000,
        "netincomelossattributabletononcontrollinginterest": 210000000,
        "netincomeloss": 4501000000,
        "earningspersharebasic": 0.5599999999999999,
        "earningspersharediluted": 0.5599999999999999,
        "weightedaveragenumberofsharesoutstandingbasic": 8048000000,
        "weightedaveragenumberofdilutedsharesoutstanding": 8082000000,
        "commonstockdividendspersharedeclared": 0,
        "othercomprehensiveincomelossforeigncurrencytransactionandtranslationadjustmentnetoftax": -1079000000,
        "othercomprehensiveincomelosscashflowhedgegainlossafterreclassificationandtax": 10000000,
        "othercomprehensiveincomelossnetoftax": -1069000000,
        "othercomprehensiveincomelossnetoftaxportionattributabletononcontrollinginterest": -258000000,
        "othercomprehensiveincomelossnetoftaxportionattributabletoparent": -811000000,
        "comprehensiveincomenetoftaxincludingportionattributabletononcontrollinginterest": 3642000000,
        "comprehensiveincomenetoftaxattributabletononcontrollinginterest": -48000000,
        "comprehensiveincomenetoftax": 3690000000
    },
    {
        "date": "2024-04-29",
        "symbol": "WMT",
        "period": "Q1",
        "revenuefromcontractwithcustomerexcludingassessedtax": 159938000000,
        "otherincome": 1570000000,
        "revenues": 161508000000,
        "costofrevenue": 121431000000,
        "sellinggeneralandadministrativeexpense": 33236000000,
        "operatingincomeloss": 6841000000,
        "interestexpensedebt": 597000000,
        "financeleaseinterestexpense": 117000000,
        "investmentincomeinterest": 114000000,
        "interestincomeexpensenet": -600000000,
        "nonoperatingincomeexpense": 794000000,
        "incomelossfromcontinuingoperationsbeforeincometaxesextraordinaryitemsnoncontrollinginterest": 7035000000,
        "incometaxexpensebenefit": 1728000000,
        "profitloss": 5307000000,
        "netincomelossattributabletononcontrollinginterest": 203000000,
        "netincomeloss": 5104000000,
        "earningspersharebasic": 0.63,
        "earningspersharediluted": 0.63,
        "weightedaveragenumberofsharesoutstandingbasic": 8053000000,
        "weightedaveragenumberofdilutedsharesoutstanding": 8084000000,
        "commonstockdividendspersharedeclared": 0.83,
        "othercomprehensiveincomelossforeigncurrencytransactionandtranslationadjustmentnetoftax": -21000000,
        "othercomprehensiveincomelosscashflowhedgegainlossafterreclassificationandtax": 28000000,
        "othercomprehensiveincomelossnetoftax": 7000000,
        "othercomprehensiveincomelossnetoftaxportionattributabletononcontrollinginterest": 72000000,
        "othercomprehensiveincomelossnetoftaxportionattributabletoparent": -65000000,
        "comprehensiveincomenetoftaxincludingportionattributabletononcontrollinginterest": 5314000000,
        "comprehensiveincomenetoftaxattributabletononcontrollinginterest": 275000000,
        "comprehensiveincomenetoftax": 5039000000
    },
    {
        "date": "2024-01-30",
        "symbol": "WMT",
        "period": "Q4",
        "revenuefromcontractwithcustomerexcludingassessedtax": 171914000000,
        "otherincome": 1474000000,
        "revenues": 173388000000,
        "costofrevenue": 131825000000,
        "sellinggeneralandadministrativeexpense": 34309000000,
        "operatingincomeloss": 7254000000,
        "interestexpensedebt": 576000000,
        "investmentincomeinterest": 146000000,
        "interestincomeexpensenet": -549000000,
        "nonoperatingincomeexpense": 813000000,
        "incomelossfromcontinuingoperationsbeforeincometaxesextraordinaryitemsnoncontrollinginterest": 7518000000,
        "incometaxexpensebenefit": 1840000000,
        "profitloss": 5678000000,
        "netincomelossattributabletononcontrollinginterest": 184000000,
        "netincomeloss": 5494000000,
        "earningspersharebasic": -1.8000000000000003,
        "earningspersharediluted": -1.8000000000000003,
        "weightedaveragenumberofdilutedsharesoutstanding": 8108000000,
        "othercomprehensiveincomelossforeigncurrencytransactionandtranslationadjustmentnetoftax": 358000000,
        "othercomprehensiveincomelosscashflowhedgegainlossafterreclassificationandtax": 2000000,
        "othercomprehensiveincomelosspensionandotherpostretirementbenefitplansadjustmentnetoftax": 13000000,
        "othercomprehensiveincomelossnetoftax": 347000000,
        "othercomprehensiveincomelossnetoftaxportionattributabletononcontrollinginterest": 76000000,
        "othercomprehensiveincomelossnetoftaxportionattributabletoparent": 271000000,
        "comprehensiveincomenetoftaxincludingportionattributabletononcontrollinginterest": 6025000000,
        "comprehensiveincomenetoftaxattributabletononcontrollinginterest": 260000000,
        "comprehensiveincomenetoftax": 5765000000
    },
    {
        "date": "2023-10-30",
        "symbol": "WMT",
        "period": "Q3",
        "revenuefromcontractwithcustomerexcludingassessedtax": 159439000000,
        "otherincome": 1365000000,
        "revenues": 160804000000,
        "costofrevenue": 121183000000,
        "sellinggeneralandadministrativeexpense": 33419000000,
        "operatingincomeloss": 6202000000,
        "interestexpensedebt": 572000000,
        "financeleaseinterestexpense": 110000000,
        "investmentincomeinterest": 145000000,
        "interestincomeexpensenet": -537000000,
        "nonoperatingincomeexpense": -4750000000,
        "incomelossfromcontinuingoperationsbeforeincometaxesextraordinaryitemsnoncontrollinginterest": 915000000,
        "incometaxexpensebenefit": 272000000,
        "profitloss": 643000000,
        "netincomelossattributabletononcontrollinginterest": 190000000,
        "netincomeloss": 453000000,
        "earningspersharebasic": 0.17000000000000048,
        "earningspersharediluted": 0.17000000000000004,
        "weightedaveragenumberofdilutedsharesoutstanding": 2703000000,
        "othercomprehensiveincomelossforeigncurrencytransactionandtranslationadjustmentnetoftax": -575000000,
        "othercomprehensiveincomelosscashflowhedgegainlossafterreclassificationandtax": -12000000,
        "othercomprehensiveincomelosspensionandotherpostretirementbenefitplansadjustmentnetoftax": -1000000,
        "othercomprehensiveincomelossnetoftax": -586000000,
        "othercomprehensiveincomelossnetoftaxportionattributabletononcontrollinginterest": 169000000,
        "othercomprehensiveincomelossnetoftaxportionattributabletoparent": -755000000,
        "comprehensiveincomenetoftaxincludingportionattributabletononcontrollinginterest": 57000000,
        "comprehensiveincomenetoftaxattributabletononcontrollinginterest": 359000000,
        "comprehensiveincomenetoftax": -302000000
    },
    {
        "date": "2023-07-30",
        "symbol": "WMT",
        "period": "Q2",
        "revenuefromcontractwithcustomerexcludingassessedtax": 160280000000,
        "otherincome": 1352000000,
        "revenues": 161632000000,
        "costofrevenue": 121850000000,
        "sellinggeneralandadministrativeexpense": 32466000000,
        "operatingincomeloss": 7316000000,
        "interestexpensedebt": 543000000,
        "financeleaseinterestexpense": 99000000,
        "investmentincomeinterest": 148000000,
        "interestincomeexpensenet": -494000000,
        "nonoperatingincomeexpense": 3905000000,
        "incomelossfromcontinuingoperationsbeforeincometaxesextraordinaryitemsnoncontrollinginterest": 10727000000,
        "incometaxexpensebenefit": 2674000000,
        "profitloss": 8053000000,
        "netincomelossattributabletononcontrollinginterest": 162000000,
        "netincomeloss": 7891000000,
        "earningspersharebasic": 2.9299999999999997,
        "earningspersharediluted": 2.92,
        "weightedaveragenumberofsharesoutstandingbasic": 0,
        "weightedaveragenumberofdilutedsharesoutstanding": -1000000,
        "commonstockdividendspersharedeclared": 0,
        "othercomprehensiveincomelossforeigncurrencytransactionandtranslationadjustmentnetoftax": 307000000,
        "othercomprehensiveincomelosscashflowhedgegainlossafterreclassificationandtax": 135000000,
        "othercomprehensiveincomelosspensionandotherpostretirementbenefitplansadjustmentnetoftax": 1000000,
        "othercomprehensiveincomelossnetoftax": 441000000,
        "othercomprehensiveincomelossnetoftaxportionattributabletononcontrollinginterest": 112000000,
        "othercomprehensiveincomelossnetoftaxportionattributabletoparent": 329000000,
        "comprehensiveincomenetoftaxincludingportionattributabletononcontrollinginterest": 8494000000,
        "comprehensiveincomenetoftaxattributabletononcontrollinginterest": 274000000,
        "comprehensiveincomenetoftax": 8220000000
    },
    {
        "date": "2023-04-29",
        "symbol": "WMT",
        "period": "Q1",
        "revenuefromcontractwithcustomerexcludingassessedtax": 151004000000,
        "otherincome": 1297000000,
        "revenues": 152301000000,
        "costofrevenue": 115284000000,
        "sellinggeneralandadministrativeexpense": 30777000000,
        "operatingincomeloss": 6240000000,
        "interestexpensedebt": 568000000,
        "financeleaseinterestexpense": 96000000,
        "investmentincomeinterest": 107000000,
        "interestincomeexpensenet": -557000000,
        "nonoperatingincomeexpense": -2995000000,
        "incomelossfromcontinuingoperationsbeforeincometaxesextraordinaryitemsnoncontrollinginterest": 2688000000,
        "incometaxexpensebenefit": 792000000,
        "profitloss": 1896000000,
        "netincomelossattributabletononcontrollinginterest": 223000000,
        "netincomeloss": 1673000000,
        "earningspersharebasic": 0.62,
        "earningspersharediluted": 0.62,
        "weightedaveragenumberofsharesoutstandingbasic": 2694000000,
        "weightedaveragenumberofdilutedsharesoutstanding": 2704000000,
        "commonstockdividendspersharedeclared": 2.28,
        "othercomprehensiveincomelossforeigncurrencytransactionandtranslationadjustmentnetoftax": 809000000,
        "othercomprehensiveincomelosscashflowhedgegainlossafterreclassificationandtax": -69000000,
        "othercomprehensiveincomelosspensionandotherpostretirementbenefitplansadjustmentnetoftax": -2000000,
        "othercomprehensiveincomelossnetoftax": 742000000,
        "othercomprehensiveincomelossnetoftaxportionattributabletononcontrollinginterest": 209000000,
        "othercomprehensiveincomelossnetoftaxportionattributabletoparent": 533000000,
        "comprehensiveincomenetoftaxincludingportionattributabletononcontrollinginterest": 2638000000,
        "comprehensiveincomenetoftaxattributabletononcontrollinginterest": 432000000,
        "comprehensiveincomenetoftax": 2206000000
    },
    {
        "date": "2023-01-30",
        "symbol": "WMT",
        "period": "Q4",
        "revenuefromcontractwithcustomerexcludingassessedtax": 162743000000,
        "otherincome": 1305000000,
        "revenues": 164048000000,
        "costofrevenue": 125423000000,
        "sellinggeneralandadministrativeexpense": 33064000000,
        "operatingincomeloss": 5561000000,
        "interestexpensedebt": 521000000,
        "investmentincomeinterest": 103000000,
        "interestincomeexpensenet": -507000000,
        "nonoperatingincomeexpense": 3848000000,
        "incomelossfromcontinuingoperationsbeforeincometaxesextraordinaryitemsnoncontrollinginterest": 8902000000,
        "incometaxexpensebenefit": 3093000000,
        "profitloss": 5809000000,
        "netincomelossattributabletononcontrollinginterest": -466000000,
        "netincomeloss": 6275000000,
        "earningspersharebasic": 2.3099999999999996,
        "earningspersharediluted": 2.299999999999999,
        "weightedaveragenumberofsharesoutstandingbasic": -9000000,
        "weightedaveragenumberofdilutedsharesoutstanding": -9000000,
        "othercomprehensiveincomelossforeigncurrencytransactionandtranslationadjustmentnetoftax": 209000000,
        "othercomprehensiveincomelosscashflowhedgegainlossafterreclassificationandtax": 223000000,
        "othercomprehensiveincomelossnetoftax": 434000000,
        "othercomprehensiveincomelossnetoftaxportionattributabletononcontrollinginterest": 72000000,
        "othercomprehensiveincomelossnetoftaxportionattributabletoparent": 362000000,
        "comprehensiveincomenetoftaxincludingportionattributabletononcontrollinginterest": 6243000000,
        "comprehensiveincomenetoftaxattributabletononcontrollinginterest": -394000000,
        "comprehensiveincomenetoftax": 6637000000
    },
    {
        "date": "2022-10-30",
        "symbol": "WMT",
        "period": "Q3",
        "revenuefromcontractwithcustomerexcludingassessedtax": 151469000000,
        "otherincome": 1344000000,
        "revenues": 152813000000,
        "costofrevenue": 115613000000,
        "sellinggeneralandadministrativeexpense": 34505000000,
        "operatingincomeloss": 2695000000,
        "interestexpensedebt": 499000000,
        "financeleaseinterestexpense": 85000000,
        "investmentincomeinterest": 84000000,
        "interestincomeexpensenet": -500000000,
        "nonoperatingincomeexpense": -3626000000,
        "incomelossfromcontinuingoperationsbeforeincometaxesextraordinaryitemsnoncontrollinginterest": -1431000000,
        "incometaxexpensebenefit": 336000000,
        "profitloss": -1767000000,
        "netincomelossattributabletononcontrollinginterest": 31000000,
        "netincomeloss": -1798000000,
        "earningspersharebasic": -0.6400000000000001,
        "earningspersharediluted": -0.6399999999999999,
        "weightedaveragenumberofsharesoutstandingbasic": -12000000,
        "weightedaveragenumberofdilutedsharesoutstanding": -12000000,
        "othercomprehensiveincomelossforeigncurrencytransactionandtranslationadjustmentnetoftax": -919000000,
        "othercomprehensiveincomelosscashflowhedgegainlossafterreclassificationandtax": -175000000,
        "othercomprehensiveincomelosspensionandotherpostretirementbenefitplansadjustmentnetoftax": 0,
        "othercomprehensiveincomelossnetoftax": -1094000000,
        "othercomprehensiveincomelossnetoftaxportionattributabletononcontrollinginterest": -208000000,
        "othercomprehensiveincomelossnetoftaxportionattributabletoparent": -886000000,
        "comprehensiveincomenetoftaxincludingportionattributabletononcontrollinginterest": -2861000000,
        "comprehensiveincomenetoftaxattributabletononcontrollinginterest": -177000000,
        "comprehensiveincomenetoftax": -2684000000
    },
    {
        "date": "2022-07-30",
        "symbol": "WMT",
        "period": "Q2",
        "revenuefromcontractwithcustomerexcludingassessedtax": 151381000000,
        "otherincome": 1478000000,
        "revenues": 152859000000,
        "costofrevenue": 115838000000,
        "sellinggeneralandadministrativeexpense": 30167000000,
        "operatingincomeloss": 6854000000,
        "interestexpensedebt": 395000000,
        "financeleaseinterestexpense": 84000000,
        "investmentincomeinterest": 31000000,
        "interestincomeexpensenet": -448000000,
        "nonoperatingincomeexpense": 238000000,
        "incomelossfromcontinuingoperationsbeforeincometaxesextraordinaryitemsnoncontrollinginterest": 6644000000,
        "incometaxexpensebenefit": 1497000000,
        "profitloss": 5147000000,
        "netincomelossattributabletononcontrollinginterest": -2000000,
        "netincomeloss": 5149000000,
        "earningspersharebasic": 1.87,
        "earningspersharediluted": 1.8699999999999999,
        "weightedaveragenumberofsharesoutstandingbasic": -9000000,
        "weightedaveragenumberofdilutedsharesoutstanding": -10000000,
        "commonstockdividendspersharedeclared": 0,
        "othercomprehensiveincomelossforeigncurrencytransactionandtranslationadjustmentnetoftax": -1380000000,
        "othercomprehensiveincomelosscashflowhedgegainlossafterreclassificationandtax": -293000000,
        "othercomprehensiveincomelosspensionandotherpostretirementbenefitplansadjustmentnetoftax": -2000000,
        "othercomprehensiveincomelossnetoftax": -1671000000,
        "othercomprehensiveincomelossnetoftaxportionattributabletononcontrollinginterest": -275000000,
        "othercomprehensiveincomelossnetoftaxportionattributabletoparent": -1396000000,
        "comprehensiveincomenetoftaxincludingportionattributabletononcontrollinginterest": 3476000000,
        "comprehensiveincomenetoftaxattributabletononcontrollinginterest": -277000000,
        "comprehensiveincomenetoftax": 3753000000
    },
    {
        "date": "2022-04-29",
        "symbol": "WMT",
        "period": "Q1",
        "revenuefromcontractwithcustomerexcludingassessedtax": 140288000000,
        "otherincome": 1281000000,
        "revenues": 141569000000,
        "costofrevenue": 106847000000,
        "sellinggeneralandadministrativeexpense": 29404000000,
        "operatingincomeloss": 5318000000,
        "interestexpensedebt": 372000000,
        "financeleaseinterestexpense": 83000000,
        "investmentincomeinterest": 36000000,
        "interestincomeexpensenet": -419000000,
        "nonoperatingincomeexpense": -1998000000,
        "incomelossfromcontinuingoperationsbeforeincometaxesextraordinaryitemsnoncontrollinginterest": 2901000000,
        "incometaxexpensebenefit": 798000000,
        "profitloss": 2103000000,
        "netincomelossattributabletononcontrollinginterest": 49000000,
        "netincomeloss": 2054000000,
        "earningspersharebasic": 0.75,
        "earningspersharediluted": 0.74,
        "weightedaveragenumberofsharesoutstandingbasic": 2754000000,
        "weightedaveragenumberofdilutedsharesoutstanding": 2765000000,
        "commonstockdividendspersharedeclared": 2.24,
        "othercomprehensiveincomelossforeigncurrencytransactionandtranslationadjustmentnetoftax": 232000000,
        "othercomprehensiveincomelosscashflowhedgegainlossafterreclassificationandtax": 42000000,
        "othercomprehensiveincomelosspensionandotherpostretirementbenefitplansadjustmentnetoftax": -1000000,
        "othercomprehensiveincomelossnetoftax": 275000000,
        "othercomprehensiveincomelossnetoftaxportionattributabletononcontrollinginterest": 7000000,
        "othercomprehensiveincomelossnetoftaxportionattributabletoparent": 268000000,
        "comprehensiveincomenetoftaxincludingportionattributabletononcontrollinginterest": 2378000000,
        "comprehensiveincomenetoftaxattributabletononcontrollinginterest": 56000000,
        "comprehensiveincomenetoftax": 2322000000
    },
    {
        "date": "2022-01-30",
        "symbol": "WMT",
        "period": "Q4",
        "revenuefromcontractwithcustomerexcludingassessedtax": 151525000000,
        "otherincome": 1346000000,
        "revenues": 152871000000,
        "costofrevenue": 115522000000,
        "sellinggeneralandadministrativeexpense": 31462000000,
        "operatingincomeloss": 5887000000,
        "interestexpensedebt": 348000000,
        "investmentincomeinterest": 47000000,
        "interestincomeexpensenet": -380000000,
        "nonoperatingincomeexpense": -725000000,
        "incometaxexpensebenefit": 1149000000,
        "profitloss": 3633000000,
        "netincomelossattributabletononcontrollinginterest": 71000000,
        "netincomeloss": 3562000000,
        "earningspersharebasic": 1.2899999999999998,
        "earningspersharediluted": 1.28,
        "weightedaveragenumberofsharesoutstandingbasic": -7000000,
        "weightedaveragenumberofdilutedsharesoutstanding": -8000000,
        "othercomprehensiveincomelossforeigncurrencytransactionandtranslationadjustmentnetoftax": -195000000,
        "othercomprehensiveincomelosscashflowhedgegainlossafterreclassificationandtax": -126000000,
        "othercomprehensiveincomelosspensionandotherpostretirementbenefitplansadjustmentnetoftax": -2000000,
        "othercomprehensiveincomelossnetoftax": -319000000,
        "othercomprehensiveincomelossnetoftaxportionattributabletononcontrollinginterest": -41000000,
        "othercomprehensiveincomelossnetoftaxportionattributabletoparent": -278000000,
        "comprehensiveincomenetoftaxincludingportionattributabletononcontrollinginterest": 3314000000,
        "comprehensiveincomenetoftaxattributabletononcontrollinginterest": 30000000,
        "comprehensiveincomenetoftax": 3284000000
    },
    {
        "date": "2021-10-30",
        "symbol": "WMT",
        "period": "Q3",
        "revenuefromcontractwithcustomerexcludingassessedtax": 139207000000,
        "otherincome": 1318000000,
        "revenues": 140525000000,
        "costofrevenue": 105023000000,
        "sellinggeneralandadministrativeexpense": 29710000000,
        "operatingincomeloss": 5792000000,
        "interestexpensedebt": 408000000,
        "financeleaseinterestexpense": 78000000,
        "investmentincomeinterest": 44000000,
        "interestincomeexpensenet": -442000000,
        "nonoperatingincomeexpense": 1207000000,
        "incometaxexpensebenefit": 1015000000,
        "profitloss": 3132000000,
        "netincomelossattributabletononcontrollinginterest": 27000000,
        "netincomeloss": 3105000000,
        "earningspersharebasic": 1.11,
        "earningspersharediluted": 1.11,
        "weightedaveragenumberofsharesoutstandingbasic": -8000000,
        "weightedaveragenumberofdilutedsharesoutstanding": -7000000,
        "othercomprehensiveincomelossforeigncurrencytransactionandtranslationadjustmentnetoftax": -523000000,
        "othercomprehensiveincomelosscashflowhedgegainlossafterreclassificationandtax": -183000000,
        "othercomprehensiveincomelosspensionandotherpostretirementbenefitplansadjustmentnetoftax": -1000000,
        "othercomprehensiveincomelossnetoftax": -705000000,
        "othercomprehensiveincomelossnetoftaxportionattributabletononcontrollinginterest": -193000000,
        "othercomprehensiveincomelossnetoftaxportionattributabletoparent": -512000000,
        "comprehensiveincomenetoftaxincludingportionattributabletononcontrollinginterest": 2427000000,
        "comprehensiveincomenetoftaxattributabletononcontrollinginterest": -166000000,
        "comprehensiveincomenetoftax": 2593000000
    },
    {
        "date": "2021-07-30",
        "symbol": "WMT",
        "period": "Q2",
        "revenuefromcontractwithcustomerexcludingassessedtax": 139871000000,
        "otherincome": 1177000000,
        "revenues": 141048000000,
        "costofrevenue": 105183000000,
        "sellinggeneralandadministrativeexpense": 28511000000,
        "operatingincomeloss": 7354000000,
        "interestexpensedebt": 437000000,
        "financeleaseinterestexpense": 78000000,
        "investmentincomeinterest": 37000000,
        "interestincomeexpensenet": -478000000,
        "nonoperatingincomeexpense": -953000000,
        "incomelossfromcontinuingoperationsbeforeincometaxesminorityinterestandincomelossfromequitymethodinvestments": 5923000000,
        "incometaxexpensebenefit": 1559000000,
        "profitloss": 4364000000,
        "netincomelossattributabletononcontrollinginterest": 88000000,
        "netincomeloss": 4276000000,
        "earningspersharebasic": 1.53,
        "earningspersharediluted": 1.51,
        "weightedaveragenumberofsharesoutstandingbasic": -8000000,
        "weightedaveragenumberofdilutedsharesoutstanding": -9000000,
        "commonstockdividendspersharedeclared": 0,
        "othercomprehensiveincomelossforeigncurrencytransactionandtranslationadjustmentnetoftax": 201000000,
        "othercomprehensiveincomelossderivativeexcludedcomponentincreasedecreaseafteradjustmentstax": 0,
        "othercomprehensiveincomelosscashflowhedgegainlossafterreclassificationandtax": -155000000,
        "othercomprehensiveincomelosspensionandotherpostretirementbenefitplansadjustmentnetoftax": -2000000,
        "othercomprehensiveincomelossnetoftax": 48000000,
        "othercomprehensiveincomelossnetoftaxportionattributabletononcontrollinginterest": 78000000,
        "othercomprehensiveincomelossnetoftaxportionattributabletoparent": -30000000,
        "comprehensiveincomenetoftaxincludingportionattributabletononcontrollinginterest": 4412000000,
        "comprehensiveincomenetoftaxattributabletononcontrollinginterest": 166000000,
        "comprehensiveincomenetoftax": 4246000000
    },
    {
        "date": "2021-04-29",
        "symbol": "WMT",
        "period": "Q1",
        "revenuefromcontractwithcustomerexcludingassessedtax": 137159000000,
        "otherincome": 1151000000,
        "revenues": 138310000000,
        "costofrevenue": 103272000000,
        "sellinggeneralandadministrativeexpense": 28129000000,
        "operatingincomeloss": 6909000000,
        "interestexpensedebt": 481000000,
        "financeleaseinterestexpense": 85000000,
        "investmentincomeinterest": 30000000,
        "interestincomeexpensenet": -536000000,
        "nonoperatingincomeexpense": -2529000000,
        "incomelossfromcontinuingoperationsbeforeincometaxesminorityinterestandincomelossfromequitymethodinvestments": 3844000000,
        "incometaxexpensebenefit": 1033000000,
        "profitloss": 2811000000,
        "netincomelossattributabletononcontrollinginterest": 81000000,
        "netincomeloss": 2730000000,
        "earningspersharebasic": 0.97,
        "earningspersharediluted": 0.97,
        "weightedaveragenumberofsharesoutstandingbasic": 2815000000,
        "weightedaveragenumberofdilutedsharesoutstanding": 2829000000,
        "commonstockdividendspersharedeclared": 2.2,
        "othercomprehensiveincomelossforeigncurrencytransactionandtranslationadjustmentnetoftax": 2959000000,
        "othercomprehensiveincomelossderivativeexcludedcomponentincreasedecreaseafteradjustmentstax": 1202000000,
        "othercomprehensiveincomelosscashflowhedgegainlossafterreclassificationandtax": 20000000,
        "othercomprehensiveincomelosspensionandotherpostretirementbenefitplansadjustmentnetoftax": -1969000000,
        "othercomprehensiveincomelossnetoftax": 3746000000,
        "othercomprehensiveincomelossnetoftaxportionattributabletononcontrollinginterest": -74000000,
        "othercomprehensiveincomelossnetoftaxportionattributabletoparent": 3820000000,
        "comprehensiveincomenetoftaxincludingportionattributabletononcontrollinginterest": 6557000000,
        "comprehensiveincomenetoftaxattributabletononcontrollinginterest": 7000000,
        "comprehensiveincomenetoftax": 6550000000
    },
    {
        "date": "2021-01-30",
        "symbol": "WMT",
        "period": "Q4",
        "revenuefromcontractwithcustomerexcludingassessedtax": 150985000000,
        "otherincome": 1094000000,
        "revenues": 152079000000,
        "costofrevenue": 115261000000,
        "sellinggeneralandadministrativeexpense": 31331000000,
        "operatingincomeloss": 5487000000,
        "interestexpensedebt": 434000000,
        "investmentincomeinterest": 30000000,
        "interestincomeexpensenet": -494000000,
        "nonoperatingincomeexpense": -5586000000,
        "incomelossfromcontinuingoperationsbeforeincometaxesminorityinterestandincomelossfromequitymethodinvestments": -593000000,
        "incometaxexpensebenefit": 1415000000,
        "profitloss": -2008000000,
        "netincomelossattributabletononcontrollinginterest": 83000000,
        "netincomeloss": -2091000000,
        "earningspersharebasic": -0.74,
        "earningspersharediluted": -0.7300000000000004,
        "weightedaveragenumberofdilutedsharesoutstanding": -2000000,
        "othercomprehensiveincomelossforeigncurrencytransactionandtranslationadjustmentnetoftax": 3250000000,
        "othercomprehensiveincomelossderivativeexcludedcomponentincreasedecreaseafteradjustmentstax": 186000000,
        "othercomprehensiveincomelosspensionandotherpostretirementbenefitplansadjustmentnetoftax": 77000000,
        "othercomprehensiveincomelossnetoftax": 3188000000,
        "othercomprehensiveincomelossnetoftaxportionattributabletononcontrollinginterest": 338000000,
        "othercomprehensiveincomelossnetoftaxportionattributabletoparent": 2850000000,
        "comprehensiveincomenetoftaxincludingportionattributabletononcontrollinginterest": 1180000000,
        "comprehensiveincomenetoftaxattributabletononcontrollinginterest": 421000000,
        "comprehensiveincomenetoftax": 759000000
    },
    {
        "date": "2020-10-30",
        "symbol": "WMT",
        "period": "Q3",
        "revenuefromcontractwithcustomerexcludingassessedtax": 133752000000,
        "otherincome": 956000000,
        "revenues": 134708000000,
        "costofrevenue": 100339000000,
        "sellinggeneralandadministrativeexpense": 28591000000,
        "operatingincomeloss": 5778000000,
        "interestexpensedebt": 455000000,
        "financeleaseinterestexpense": 86000000,
        "investmentincomeinterest": 25000000,
        "interestincomeexpensenet": -516000000,
        "nonoperatingincomeexpense": 1853000000,
        "incomelossfromcontinuingoperationsbeforeincometaxesminorityinterestandincomelossfromequitymethodinvestments": 7115000000,
        "incometaxexpensebenefit": 1914000000,
        "profitloss": 5201000000,
        "netincomelossattributabletononcontrollinginterest": 66000000,
        "netincomeloss": 5135000000,
        "earningspersharebasic": 1.8099999999999998,
        "earningspersharediluted": 1.8100000000000005,
        "weightedaveragenumberofsharesoutstandingbasic": 0,
        "weightedaveragenumberofdilutedsharesoutstanding": 1000000,
        "othercomprehensiveincomelossforeigncurrencytransactionandtranslationadjustmentnetoftax": 1262000000,
        "othercomprehensiveincomelossderivativeexcludedcomponentincreasedecreaseafteradjustmentstax": 1000000,
        "othercomprehensiveincomelosscashflowhedgegainlossafterreclassificationandtax": 0,
        "othercomprehensiveincomelosspensionandotherpostretirementbenefitplansadjustmentnetoftax": -16000000,
        "othercomprehensiveincomelossnetoftax": 1277000000,
        "othercomprehensiveincomelossnetoftaxportionattributabletononcontrollinginterest": 109000000,
        "othercomprehensiveincomelossnetoftaxportionattributabletoparent": 1168000000,
        "comprehensiveincomenetoftaxincludingportionattributabletononcontrollinginterest": 6478000000,
        "comprehensiveincomenetoftaxattributabletononcontrollinginterest": 175000000,
        "comprehensiveincomenetoftax": 6303000000
    },
    {
        "date": "2020-07-30",
        "symbol": "WMT",
        "period": "Q2",
        "profitloss": 6439000000,
        "netincomelossattributabletononredeemablenoncontrollinginterest": -37000000,
        "netincomeloss": 6476000000,
        "othercomprehensiveincomelossforeigncurrencytransactionandtranslationadjustmentnetoftax": 298000000,
        "othercomprehensiveincomelossderivativeexcludedcomponentincreasedecreaseafteradjustmentstax": 191000000,
        "othercomprehensiveincomelosscashflowhedgegainlossafterreclassificationandtax": 313000000,
        "othercomprehensiveincomelosspensionandotherpostretirementbenefitplansadjustmentnetoftax": -16000000,
        "othercomprehensiveincomelossnetoftax": 436000000,
        "othercomprehensiveincomelossnetoftaxportionattributabletononcontrollinginterest": 52000000,
        "othercomprehensiveincomelossnetoftaxportionattributabletoparent": 384000000,
        "comprehensiveincomenetoftaxincludingportionattributabletononcontrollinginterest": 6875000000,
        "comprehensiveincomenetoftaxattributabletononcontrollinginterest": 15000000,
        "comprehensiveincomenetoftax": 6860000000,
        "revenuefromcontractwithcustomerexcludingassessedtax": 136824000000,
        "otherincome": 918000000,
        "revenues": 137742000000,
        "costofrevenue": 102689000000,
        "sellinggeneralandadministrativeexpense": 28994000000,
        "operatingincomeloss": 6059000000,
        "interestexpensedebt": 577000000,
        "financeleaseinterestexpense": 81000000,
        "investmentincomeinterest": 23000000,
        "interestincomeexpensenet": -635000000,
        "nonoperatingincomeexpense": 3222000000,
        "incomelossfromcontinuingoperationsbeforeincometaxesminorityinterestandincomelossfromequitymethodinvestments": 8646000000,
        "incometaxexpensebenefit": 2207000000,
        "netincomelossattributabletononcontrollinginterest": -37000000,
        "earningspersharebasic": 2.29,
        "earningspersharediluted": 2.27,
        "weightedaveragenumberofsharesoutstandingbasic": 1000000,
        "weightedaveragenumberofdilutedsharesoutstanding": -1000000,
        "commonstockdividendspersharedeclared": 0
    },
    {
        "date": "2020-04-29",
        "symbol": "WMT",
        "period": "Q1",
        "profitloss": 4074000000,
        "netincomelossattributabletononredeemablenoncontrollinginterest": 84000000,
        "netincomeloss": 3990000000,
        "othercomprehensiveincomelossforeigncurrencytransactionandtranslationadjustmentnetoftax": -3968000000,
        "othercomprehensiveincomelossderivativeexcludedcomponentincreasedecreaseafteradjustmentstax": -157000000,
        "othercomprehensiveincomelosscashflowhedgegainlossafterreclassificationandtax": -279000000,
        "othercomprehensiveincomelosspensionandotherpostretirementbenefitplansadjustmentnetoftax": -15000000,
        "othercomprehensiveincomelossnetoftax": -4075000000,
        "othercomprehensiveincomelossnetoftaxportionattributabletononcontrollinginterest": -712000000,
        "othercomprehensiveincomelossnetoftaxportionattributabletoparent": -3363000000,
        "comprehensiveincomenetoftaxincludingportionattributabletononcontrollinginterest": -1000000,
        "comprehensiveincomenetoftaxattributabletononcontrollinginterest": -628000000,
        "comprehensiveincomenetoftax": 627000000,
        "revenuefromcontractwithcustomerexcludingassessedtax": 133672000000,
        "otherincome": 950000000,
        "revenues": 134622000000,
        "costofrevenue": 102026000000,
        "sellinggeneralandadministrativeexpense": 27372000000,
        "operatingincomeloss": 5224000000,
        "interestexpensedebt": 510000000,
        "financeleaseinterestexpense": 82000000,
        "investmentincomeinterest": 43000000,
        "interestincomeexpensenet": -549000000,
        "nonoperatingincomeexpense": 721000000,
        "incomelossfromcontinuingoperationsbeforeincometaxesminorityinterestandincomelossfromequitymethodinvestments": 5396000000,
        "incometaxexpensebenefit": 1322000000,
        "netincomelossattributabletononcontrollinginterest": 84000000,
        "earningspersharebasic": 1.41,
        "earningspersharediluted": 1.4,
        "weightedaveragenumberofsharesoutstandingbasic": 2831000000,
        "weightedaveragenumberofdilutedsharesoutstanding": 2849000000,
        "commonstockdividendspersharedeclared": 2.16
    },
    {
        "date": "2020-01-30",
        "symbol": "WMT",
        "period": "Q4",
        "profitloss": 4294000000,
        "netincomelossattributabletononredeemablenoncontrollinginterest": 153000000,
        "netincomeloss": 4141000000,
        "othercomprehensiveincomelossforeigncurrencytransactionandtranslationadjustmentnetoftax": 1048000000,
        "othercomprehensiveincomelossnetinvestmenthedgegainlossbeforereclassificationandtax": -13000000,
        "othercomprehensiveincomelosscashflowhedgegainlossafterreclassificationandtax": -98000000,
        "othercomprehensiveincomelosspensionandotherpostretirementbenefitplansadjustmentnetoftax": 1257000000,
        "othercomprehensiveincomelossnetoftax": -320000000,
        "othercomprehensiveincomelossnetoftaxportionattributabletononcontrollinginterest": 103000000,
        "othercomprehensiveincomelossnetoftaxportionattributabletoparent": -423000000,
        "comprehensiveincomenetoftaxincludingportionattributabletononcontrollinginterest": 3974000000,
        "comprehensiveincomenetoftaxattributabletononcontrollinginterest": 256000000,
        "comprehensiveincomenetoftax": 3718000000,
        "revenuefromcontractwithcustomerexcludingassessedtax": 140608000000,
        "otherincome": 1063000000,
        "revenues": 141671000000,
        "costofrevenue": 107748000000,
        "sellinggeneralandadministrativeexpense": 28601000000,
        "operatingincomeloss": 5322000000,
        "interestexpensedebt": 569000000,
        "interestexpenselesseeassetsundercapitallease": 83000000,
        "investmentincomeinterest": 41000000,
        "interestincomeexpensenet": -611000000,
        "nonoperatingincomeexpense": 962000000,
        "incomelossfromcontinuingoperationsbeforeincometaxesminorityinterestandincomelossfromequitymethodinvestments": 5673000000,
        "incometaxexpensebenefit": 1379000000,
        "netincomelossattributabletononcontrollinginterest": 153000000,
        "earningspersharebasic": 1.4599999999999997,
        "earningspersharediluted": 1.4500000000000002,
        "weightedaveragenumberofsharesoutstandingbasic": -5000000,
        "weightedaveragenumberofdilutedsharesoutstanding": -4000000
    },
    {
        "date": "2019-10-30",
        "symbol": "WMT",
        "period": "Q3",
        "profitloss": 3321000000,
        "netincomelossattributabletononredeemablenoncontrollinginterest": 33000000,
        "netincomeloss": 3288000000,
        "othercomprehensiveincomelossforeigncurrencytransactionandtranslationadjustmentnetoftax": -1188000000,
        "othercomprehensiveincomelossnetinvestmenthedgegainlossbeforereclassificationandtax": -113000000,
        "othercomprehensiveincomelosscashflowhedgegainlossafterreclassificationandtax": -12000000,
        "othercomprehensiveincomelosspensionandotherpostretirementbenefitplansadjustmentnetoftax": -8000000,
        "othercomprehensiveincomelossnetoftax": -1305000000,
        "othercomprehensiveincomelossnetoftaxportionattributabletononcontrollinginterest": -193000000,
        "othercomprehensiveincomelossnetoftaxportionattributabletoparent": -1112000000,
        "comprehensiveincomenetoftaxincludingportionattributabletononcontrollinginterest": 2016000000,
        "comprehensiveincomenetoftaxattributabletononcontrollinginterest": -160000000,
        "comprehensiveincomenetoftax": 2176000000,
        "revenuefromcontractwithcustomerexcludingassessedtax": 126981000000,
        "otherincome": 1010000000,
        "revenues": 127991000000,
        "costofrevenue": 95900000000,
        "sellinggeneralandadministrativeexpense": 27373000000,
        "operatingincomeloss": 4718000000,
        "interestexpensedebt": 547000000,
        "interestexpenselesseeassetsundercapitallease": 86000000,
        "investmentincomeinterest": 44000000,
        "interestincomeexpensenet": -589000000,
        "nonoperatingincomeexpense": 244000000,
        "incomelossfromcontinuingoperationsbeforeincometaxesminorityinterestandincomelossfromequitymethodinvestments": 4373000000,
        "incometaxexpensebenefit": 1052000000,
        "netincomelossattributabletononcontrollinginterest": 33000000,
        "earningspersharebasic": 1.16,
        "earningspersharediluted": 1.1500000000000004,
        "weightedaveragenumberofsharesoutstandingbasic": -6000000,
        "weightedaveragenumberofdilutedsharesoutstanding": -6000000
    },
    {
        "date": "2019-07-30",
        "symbol": "WMT",
        "period": "Q2",
        "profitloss": 3744000000,
        "netincomelossattributabletononredeemablenoncontrollinginterest": 70000000,
        "netincomeloss": 3610000000,
        "othercomprehensiveincomelossforeigncurrencytransactionandtranslationadjustmentnetoftax": -81000000,
        "othercomprehensiveincomelossnetinvestmenthedgegainlossbeforereclassificationandtax": 140000000,
        "othercomprehensiveincomelosscashflowhedgegainlossafterreclassificationandtax": -158000000,
        "othercomprehensiveincomelosspensionandotherpostretirementbenefitplansadjustmentnetoftax": -4000000,
        "othercomprehensiveincomelossnetoftax": -61000000,
        "othercomprehensiveincomelossnetoftaxportionattributabletononcontrollinginterest": 84000000,
        "othercomprehensiveincomelossnetoftaxportionattributabletoparent": -179000000,
        "comprehensiveincomenetoftaxincludingportionattributabletononcontrollinginterest": 3585000000,
        "comprehensiveincomenetoftaxattributabletononcontrollinginterest": 154000000,
        "comprehensiveincomenetoftax": 3431000000,
        "revenuefromcontractwithcustomerexcludingassessedtax": 171993000000,
        "otherincome": 989000000,
        "revenues": 130377000000,
        "costofrevenue": 97923000000,
        "sellinggeneralandadministrativeexpense": 26871000000,
        "operatingincomeloss": 6386000000,
        "interestexpensedebt": 558000000,
        "interestexpenselesseeassetsundercapitallease": 83000000,
        "investmentincomeinterest": 56000000,
        "interestincomeexpensenet": -585000000,
        "nonoperatingincomeexpense": -85000000,
        "incomelossfromcontinuingoperationsbeforeincometaxesminorityinterestandincomelossfromequitymethodinvestments": 4913000000,
        "incometaxexpensebenefit": 1233000000,
        "netincomelossattributabletononcontrollinginterest": 70000000,
        "earningspersharebasic": 1.26,
        "earningspersharediluted": 1.2599999999999998,
        "weightedaveragenumberofsharesoutstandingbasic": -8000000,
        "weightedaveragenumberofdilutedsharesoutstanding": -8000000,
        "commonstockdividendspersharedeclared": 0
    },
    {
        "date": "2019-04-29",
        "symbol": "WMT",
        "period": "Q1",
        "profitloss": 3842000000,
        "netincomelossattributabletononredeemablenoncontrollinginterest": 64000000,
        "netincomeloss": 3842000000,
        "othercomprehensiveincomelossforeigncurrencytransactionandtranslationadjustmentnetoftax": 507000000,
        "othercomprehensiveincomelossnetinvestmenthedgegainlossbeforereclassificationandtax": 108000000,
        "othercomprehensiveincomelosscashflowhedgegainlossafterreclassificationandtax": -131000000,
        "othercomprehensiveincomelosspensionandotherpostretirementbenefitplansadjustmentnetoftax": -1000000,
        "othercomprehensiveincomelossnetoftax": 451000000,
        "othercomprehensiveincomelossnetoftaxportionattributabletononcontrollinginterest": 34000000,
        "othercomprehensiveincomelossnetoftaxportionattributabletoparent": 451000000,
        "comprehensiveincomenetoftaxincludingportionattributabletononcontrollinginterest": 4391000000,
        "comprehensiveincomenetoftaxattributabletononcontrollinginterest": 98000000,
        "comprehensiveincomenetoftax": 4293000000,
        "revenuefromcontractwithcustomerexcludingassessedtax": 80344000000,
        "otherincome": 976000000,
        "revenues": 123925000000,
        "costofrevenue": 93034000000,
        "sellinggeneralandadministrativeexpense": 25946000000,
        "operatingincomeloss": 4142000000,
        "interestexpensedebt": 588000000,
        "interestexpenselesseeassetsundercapitallease": 85000000,
        "investmentincomeinterest": 48000000,
        "interestincomeexpensenet": -625000000,
        "nonoperatingincomeexpense": 837000000,
        "incomelossfromcontinuingoperationsbeforeincometaxesminorityinterestandincomelossfromequitymethodinvestments": 5157000000,
        "incometaxexpensebenefit": 1251000000,
        "netincomelossattributabletononcontrollinginterest": 64000000,
        "earningspersharebasic": 1.34,
        "earningspersharediluted": 1.33,
        "weightedaveragenumberofsharesoutstandingbasic": 2869000000,
        "weightedaveragenumberofdilutedsharesoutstanding": 2886000000,
        "commonstockdividendspersharedeclared": 2.12
    },
    {
        "date": "2019-01-30",
        "symbol": "WMT",
        "period": "Q4",
        "profitloss": 3687000000,
        "netincomelossattributabletononredeemablenoncontrollinginterest": 126000000,
        "netincomeloss": 3687000000,
        "othercomprehensiveincomelossforeigncurrencytransactionandtranslationadjustmentnetoftax": -26000000,
        "othercomprehensiveincomelossderivativesqualifyingashedgesnetoftax": -103000000,
        "othercomprehensiveincomelosspensionandotherpostretirementbenefitplansadjustmentnetoftax": -67000000,
        "othercomprehensiveincomelossnetoftax": -73000000,
        "othercomprehensiveincomelossnetoftaxportionattributabletononcontrollinginterest": 62000000,
        "othercomprehensiveincomelossnetoftaxportionattributabletoparent": -73000000,
        "comprehensiveincomenetoftaxincludingportionattributabletononcontrollinginterest": 3802000000,
        "comprehensiveincomenetoftaxattributabletononcontrollinginterest": 188000000,
        "comprehensiveincomenetoftax": 3614000000,
        "otherincome": 1050000000,
        "revenues": -253472000000,
        "costofrevenue": 104907000000,
        "sellinggeneralandadministrativeexpense": 27819000000,
        "operatingincomeloss": 5043000000,
        "interestexpensedebt": 577000000,
        "interestexpenselesseeassetsundercapitallease": 92000000,
        "investmentincomeinterest": 64000000,
        "interestincomeexpensenet": -605000000,
        "incomelossfromcontinuingoperationsbeforeincometaxesminorityinterestandincomelossfromequitymethodinvestments": 5664000000,
        "incometaxexpensebenefit": 1851000000,
        "netincomelossattributabletononcontrollinginterest": 126000000,
        "earningspersharebasic": 1.2699999999999998,
        "earningspersharediluted": 1.2499999999999998,
        "weightedaveragenumberofsharesoutstandingbasic": -11000000,
        "weightedaveragenumberofdilutedsharesoutstanding": -11000000
    },
    {
        "date": "2018-10-30",
        "symbol": "WMT",
        "period": "Q3",
        "profitloss": 1710000000,
        "netincomelossattributabletononredeemablenoncontrollinginterest": 107000000,
        "netincomeloss": 1710000000,
        "othercomprehensiveincomelossforeigncurrencytransactionandtranslationadjustmentnetoftax": 1020000000,
        "othercomprehensiveincomelossderivativesqualifyingashedgesnetoftax": 114000000,
        "othercomprehensiveincomelosspensionandotherpostretirementbenefitplansadjustmentnetoftax": -12000000,
        "othercomprehensiveincomelossnetoftax": 1160000000,
        "othercomprehensiveincomelossnetoftaxportionattributabletononcontrollinginterest": -123000000,
        "othercomprehensiveincomelossnetoftaxportionattributabletoparent": 1160000000,
        "comprehensiveincomenetoftaxincludingportionattributabletononcontrollinginterest": 2854000000,
        "comprehensiveincomenetoftaxattributabletononcontrollinginterest": -16000000,
        "comprehensiveincomenetoftax": 2870000000,
        "otherincome": 997000000,
        "revenues": 124894000000,
        "costofrevenue": 93116000000,
        "sellinggeneralandadministrativeexpense": 26792000000,
        "operatingincomeloss": 3937000000,
        "interestexpensedebt": 501000000,
        "interestexpenselesseeassetsundercapitallease": 92000000,
        "investmentincomeinterest": 59000000,
        "interestincomeexpensenet": -534000000,
        "incomelossfromcontinuingoperationsbeforeincometaxesminorityinterestandincomelossfromequitymethodinvestments": 2576000000,
        "incometaxexpensebenefit": 759000000,
        "netincomelossattributabletononcontrollinginterest": 107000000,
        "earningspersharebasic": 0.5800000000000001,
        "earningspersharediluted": 0.5800000000000001,
        "weightedaveragenumberofsharesoutstandingbasic": -8000000,
        "weightedaveragenumberofdilutedsharesoutstanding": -7000000
    },
    {
        "date": "2018-07-30",
        "symbol": "WMT",
        "period": "Q2",
        "profitloss": -861000000,
        "netincomelossattributabletononredeemablenoncontrollinginterest": 134000000,
        "netincomeloss": -861000000,
        "othercomprehensiveincomelossforeigncurrencytransactionandtranslationadjustmentnetoftax": -2685000000,
        "othercomprehensiveincomelossderivativesqualifyingashedgesnetoftax": 193000000,
        "othercomprehensiveincomelosspensionandotherpostretirementbenefitplansadjustmentnetoftax": -9000000,
        "othercomprehensiveincomelossnetoftax": -2348000000,
        "othercomprehensiveincomelossnetoftaxportionattributabletononcontrollinginterest": -290000000,
        "othercomprehensiveincomelossnetoftaxportionattributabletoparent": -2348000000,
        "comprehensiveincomenetoftaxincludingportionattributabletononcontrollinginterest": -3365000000,
        "comprehensiveincomenetoftaxattributabletononcontrollinginterest": -156000000,
        "comprehensiveincomenetoftax": -3209000000,
        "salesrevenuenet": 82815000000,
        "otherincome": 969000000,
        "revenues": 128028000000,
        "costofrevenue": 95571000000,
        "sellinggeneralandadministrativeexpense": 26707000000,
        "operatingincomeloss": 4479000000,
        "interestexpensedebt": 460000000,
        "interestexpenselesseeassetsundercapitallease": 94000000,
        "investmentincomeinterest": 51000000,
        "interestincomeexpensenet": -503000000,
        "incomelossfromcontinuingoperationsbeforeincometaxesminorityinterestandincomelossfromequitymethodinvestments": 398000000,
        "incometaxexpensebenefit": 1125000000,
        "netincomelossattributabletononcontrollinginterest": 134000000,
        "earningspersharebasic": -0.29,
        "earningspersharediluted": -0.29,
        "weightedaveragenumberofsharesoutstandingbasic": -2000000,
        "weightedaveragenumberofdilutedsharesoutstanding": -4000000,
        "commonstockdividendspersharedeclared": 0
    },
    {
        "date": "2018-04-29",
        "symbol": "WMT",
        "period": "Q1",
        "profitloss": 2134000000,
        "netincomelossattributabletononredeemablenoncontrollinginterest": 142000000,
        "netincomeloss": 2134000000,
        "othercomprehensiveincomelossforeigncurrencytransactionandtranslationadjustmentnetoftax": 1465000000,
        "othercomprehensiveincomelossderivativesqualifyingashedgesnetoftax": 68000000,
        "othercomprehensiveincomelosspensionandotherpostretirementbenefitplansadjustmentnetoftax": -43000000,
        "othercomprehensiveincomelossnetoftax": 1336000000,
        "othercomprehensiveincomelossnetoftaxportionattributabletononcontrollinginterest": 163000000,
        "othercomprehensiveincomelossnetoftaxportionattributabletoparent": 1336000000,
        "comprehensiveincomenetoftaxincludingportionattributabletononcontrollinginterest": 3775000000,
        "comprehensiveincomenetoftaxattributabletononcontrollinginterest": 305000000,
        "comprehensiveincomenetoftax": 3470000000,
        "salesrevenuenet": 77748000000,
        "otherincome": 1060000000,
        "revenues": 122690000000,
        "costofrevenue": 91707000000,
        "sellinggeneralandadministrativeexpense": 25829000000,
        "operatingincomeloss": 3927000000,
        "interestexpensedebt": 437000000,
        "interestexpenselesseeassetsundercapitallease": 93000000,
        "investmentincomeinterest": 43000000,
        "interestincomeexpensenet": -487000000,
        "unrealizedgainlossoninvestments": -1800000000,
        "incomelossfromcontinuingoperationsbeforeincometaxesminorityinterestandincomelossfromequitymethodinvestments": 2822000000,
        "incometaxexpensebenefit": 546000000,
        "netincomelossattributabletononcontrollinginterest": 142000000,
        "earningspersharebasic": 0.72,
        "earningspersharediluted": 0.72,
        "weightedaveragenumberofsharesoutstandingbasic": 2950000000,
        "weightedaveragenumberofdilutedsharesoutstanding": 2967000000,
        "commonstockdividendspersharedeclared": 2.08
    },
    {
        "date": "2018-01-30",
        "symbol": "WMT",
        "period": "Q4",
        "profitloss": 2175000000,
        "netincomelossattributabletononredeemablenoncontrollinginterest": 188000000,
        "netincomeloss": 2175000000,
        "othercomprehensiveincomelossforeigncurrencytransactionandtranslationadjustmentnetoftax": -67000000,
        "othercomprehensiveincomelossderivativesqualifyingashedgesnetoftax": -284000000,
        "othercomprehensiveincomelossavailableforsalesecuritiesadjustmentnetoftax": 844000000,
        "othercomprehensiveincomelosspensionandotherpostretirementbenefitplansadjustmentnetoftax": -101000000,
        "othercomprehensiveincomelossnetoftax": 952000000,
        "othercomprehensiveincomelossnetoftaxportionattributabletononcontrollinginterest": -64000000,
        "othercomprehensiveincomelossnetoftaxportionattributabletoparent": 952000000,
        "comprehensiveincomenetoftaxincludingportionattributabletononcontrollinginterest": 3251000000,
        "comprehensiveincomenetoftaxattributabletononcontrollinginterest": 124000000,
        "comprehensiveincomenetoftax": 3127000000,
        "salesrevenuenet": 86579000000,
        "otherincome": 1117000000,
        "revenues": -244313000000,
        "costofrevenue": 102640000000,
        "sellinggeneralandadministrativeexpense": 29160000000,
        "operatingincomeloss": 4952000000,
        "interestexpensedebt": 448000000,
        "interestexpenselesseeassetsundercapitallease": 88000000,
        "investmentincomeinterest": 37000000,
        "interestincomeexpensenet": -499000000,
        "incomelossfromcontinuingoperationsbeforeincometaxesminorityinterestandincomelossfromequitymethodinvestments": 2964000000,
        "incometaxexpensebenefit": 601000000,
        "netincomelossattributabletononcontrollinginterest": 188000000,
        "earningspersharebasic": 0.7300000000000002,
        "earningspersharediluted": 0.7399999999999998,
        "weightedaveragenumberofsharesoutstandingbasic": -13000000,
        "weightedaveragenumberofdilutedsharesoutstanding": -11000000
    },
    {
        "date": "2017-10-30",
        "symbol": "WMT",
        "period": "Q3",
        "profitloss": 1749000000,
        "netincomelossattributabletononredeemablenoncontrollinginterest": 155000000,
        "netincomeloss": 1749000000,
        "othercomprehensiveincomelossforeigncurrencytransactionandtranslationadjustmentnetoftax": 422000000,
        "othercomprehensiveincomelossavailableforsalesecuritiesadjustmentnetoftax": -551000000,
        "othercomprehensiveincomelossderivativesqualifyingashedgesnetoftax": 28000000,
        "othercomprehensiveincomelosspensionandotherpostretirementbenefitplansadjustmentnetoftax": -14000000,
        "othercomprehensiveincomelossnetoftax": -33000000,
        "othercomprehensiveincomelossnetoftaxportionattributabletononcontrollinginterest": -54000000,
        "othercomprehensiveincomelossnetoftaxportionattributabletoparent": -33000000,
        "comprehensiveincomenetoftaxincludingportionattributabletononcontrollinginterest": 1817000000,
        "comprehensiveincomenetoftaxattributabletononcontrollinginterest": 101000000,
        "comprehensiveincomenetoftax": 1716000000,
        "salesrevenuenet": 77724000000,
        "otherincome": 1043000000,
        "revenues": 123179000000,
        "costofrevenue": 91547000000,
        "sellinggeneralandadministrativeexpense": 26868000000,
        "operatingincomeloss": 4030000000,
        "interestexpensedebt": 502000000,
        "interestexpenselesseeassetsundercapitallease": 81000000,
        "investmentincomeinterest": 42000000,
        "interestincomeexpensenet": -541000000,
        "incomelossfromcontinuingoperationsbeforeincometaxesminorityinterestandincomelossfromequitymethodinvestments": 2879000000,
        "incometaxexpensebenefit": 975000000,
        "netincomelossattributabletononcontrollinginterest": 155000000,
        "earningspersharebasic": 0.5900000000000001,
        "earningspersharediluted": 0.5800000000000001,
        "weightedaveragenumberofsharesoutstandingbasic": -13000000,
        "weightedaveragenumberofdilutedsharesoutstanding": -13000000
    },
    {
        "date": "2017-07-30",
        "symbol": "WMT",
        "period": "Q2",
        "profitloss": 2899000000,
        "netincomelossattributabletononredeemablenoncontrollinginterest": 205000000,
        "netincomeloss": 2899000000,
        "othercomprehensiveincomelossforeigncurrencytransactionandtranslationadjustmentnetoftax": 1026000000,
        "othercomprehensiveincomelossavailableforsalesecuritiesadjustmentnetoftax": 727000000,
        "othercomprehensiveincomelossderivativesqualifyingashedgesnetoftax": -36000000,
        "othercomprehensiveincomelosspensionandotherpostretirementbenefitplansadjustmentnetoftax": -27000000,
        "othercomprehensiveincomelossnetoftax": 1854000000,
        "othercomprehensiveincomelossnetoftaxportionattributabletononcontrollinginterest": 5000000,
        "othercomprehensiveincomelossnetoftaxportionattributabletoparent": 1854000000,
        "comprehensiveincomenetoftaxincludingportionattributabletononcontrollinginterest": 4963000000,
        "comprehensiveincomenetoftaxattributabletononcontrollinginterest": 210000000,
        "comprehensiveincomenetoftax": 4753000000,
        "salesrevenuenet": 37648000000,
        "otherincome": 1406000000,
        "revenues": 123355000000,
        "costofrevenue": 91521000000,
        "sellinggeneralandadministrativeexpense": 25865000000,
        "operatingincomeloss": 3650000000,
        "interestexpensedebt": 522000000,
        "interestexpenselesseeassetsundercapitallease": 91000000,
        "investmentincomeinterest": 38000000,
        "interestincomeexpensenet": -575000000,
        "incomelossfromcontinuingoperationsbeforeincometaxesminorityinterestandincomelossfromequitymethodinvestments": 4606000000,
        "incometaxexpensebenefit": 1502000000,
        "netincomelossattributabletononcontrollinginterest": 205000000,
        "earningspersharebasic": 0.97,
        "earningspersharediluted": 0.96,
        "weightedaveragenumberofsharesoutstandingbasic": -14000000,
        "weightedaveragenumberofdilutedsharesoutstanding": -13000000,
        "commonstockdividendspersharedeclared": 0
    },
    {
        "date": "2017-04-29",
        "symbol": "WMT",
        "period": "Q1",
        "profitloss": 3039000000,
        "netincomelossattributabletononredeemablenoncontrollinginterest": 113000000,
        "netincomeloss": 3039000000,
        "othercomprehensiveincomelossforeigncurrencytransactionandtranslationadjustmentnetoftax": 1159000000,
        "othercomprehensiveincomelossavailableforsalesecuritiesadjustmentnetoftax": 481000000,
        "othercomprehensiveincomelossderivativesqualifyingashedgesnetoftax": -113000000,
        "othercomprehensiveincomelosspensionandotherpostretirementbenefitplansadjustmentnetoftax": -5000000,
        "othercomprehensiveincomelossnetoftax": 1278000000,
        "othercomprehensiveincomelossnetoftaxportionattributabletononcontrollinginterest": 282000000,
        "othercomprehensiveincomelossnetoftaxportionattributabletoparent": 1278000000,
        "comprehensiveincomenetoftaxincludingportionattributabletononcontrollinginterest": 4712000000,
        "comprehensiveincomenetoftaxattributabletononcontrollinginterest": 395000000,
        "comprehensiveincomenetoftax": 4317000000,
        "salesrevenuenet": 116526000000,
        "otherincome": 1016000000,
        "revenues": 117542000000,
        "costofrevenue": 87688000000,
        "sellinggeneralandadministrativeexpense": 24617000000,
        "operatingincomeloss": 5237000000,
        "interestexpensedebt": 506000000,
        "interestexpenselesseeassetsundercapitallease": 92000000,
        "investmentincomeinterest": 35000000,
        "interestincomeexpensenet": -563000000,
        "incomelossfromcontinuingoperationsbeforeincometaxesminorityinterestandincomelossfromequitymethodinvestments": 4674000000,
        "incometaxexpensebenefit": 1522000000,
        "netincomelossattributabletononcontrollinginterest": 113000000,
        "earningspersharebasic": 1,
        "earningspersharediluted": 1,
        "weightedaveragenumberofsharesoutstandingbasic": 3035000000,
        "weightedaveragenumberofdilutedsharesoutstanding": 3047000000,
        "commonstockdividendspersharedeclared": 2.04
    },
    {
        "date": "2017-01-30",
        "symbol": "WMT",
        "period": "Q4",
        "profitloss": 4407000000,
        "netincomelossattributabletononredeemablenoncontrollinginterest": 229000000,
        "netincomeloss": 3757000000,
        "othercomprehensiveincomelossforeigncurrencytransactionandtranslationadjustmentnetoftax": -1796000000,
        "othercomprehensiveincomelossderivativesqualifyingashedgesnetoftax": -55000000,
        "othercomprehensiveincomelosspensionandotherpostretirementbenefitplansadjustmentnetoftax": 308000000,
        "othercomprehensiveincomelossnetoftax": -2107000000,
        "othercomprehensiveincomelossnetoftaxportionattributabletononcontrollinginterest": -118000000,
        "othercomprehensiveincomelossnetoftaxportionattributabletoparent": -1897000000,
        "comprehensiveincomenetoftaxincludingportionattributabletononcontrollinginterest": 1971000000,
        "comprehensiveincomenetoftaxattributabletononcontrollinginterest": 111000000,
        "comprehensiveincomenetoftax": 1860000000,
        "salesrevenuenet": 83747000000,
        "otherincome": 1186000000,
        "revenues": -236848000000,
        "costofrevenue": 97743000000,
        "sellinggeneralandadministrativeexpense": 26988000000,
        "operatingincomeloss": 4995000000,
        "interestexpensedebt": 508000000,
        "interestexpenselesseeassetsundercapitallease": 77000000,
        "investmentincomeinterest": 30000000,
        "interestincomeexpensenet": -555000000,
        "incomelossfromcontinuingoperationsbeforeincometaxesminorityinterestandincomelossfromequitymethodinvestments": 5650000000,
        "incometaxexpensebenefit": 1664000000,
        "netincomelossattributabletononcontrollinginterest": 229000000,
        "earningspersharebasic": 1.2300000000000004,
        "earningspersharediluted": 1.2199999999999998,
        "weightedaveragenumberofsharesoutstandingbasic": -13000000,
        "weightedaveragenumberofdilutedsharesoutstanding": -12000000
    },
    {
        "date": "2016-10-30",
        "symbol": "WMT",
        "period": "Q3",
        "profitloss": 3034000000,
        "netincomelossattributabletononredeemablenoncontrollinginterest": 168000000,
        "netincomeloss": 3034000000,
        "othercomprehensiveincomelossforeigncurrencytransactionandtranslationadjustmentnetoftax": -757000000,
        "othercomprehensiveincomelossderivativesqualifyingashedgesnetoftax": 258000000,
        "othercomprehensiveincomelosspensionandotherpostretirementbenefitplansadjustmentnetoftax": -17000000,
        "othercomprehensiveincomelossnetoftax": -663000000,
        "othercomprehensiveincomelossnetoftaxportionattributabletononcontrollinginterest": 2000000,
        "othercomprehensiveincomelossnetoftaxportionattributabletoparent": -663000000,
        "comprehensiveincomenetoftaxincludingportionattributabletononcontrollinginterest": 2541000000,
        "comprehensiveincomenetoftaxattributabletononcontrollinginterest": 170000000,
        "comprehensiveincomenetoftax": 2371000000,
        "salesrevenuenet": 74550000000,
        "otherincome": 1003000000,
        "revenues": 118179000000,
        "costofrevenue": 87484000000,
        "sellinggeneralandadministrativeexpense": 25576000000,
        "operatingincomeloss": 3999000000,
        "interestexpensedebt": 528000000,
        "interestexpenselesseeassetsundercapitallease": 81000000,
        "investmentincomeinterest": 24000000,
        "interestincomeexpensenet": -585000000,
        "incomelossfromcontinuingoperationsbeforeincometaxesminorityinterestandincomelossfromequitymethodinvestments": 4534000000,
        "incometaxexpensebenefit": 1332000000,
        "netincomelossattributabletononcontrollinginterest": 168000000,
        "earningspersharebasic": 0.98,
        "earningspersharediluted": 0.98,
        "weightedaveragenumberofsharesoutstandingbasic": -12000000,
        "weightedaveragenumberofdilutedsharesoutstanding": -12000000
    },
    {
        "date": "2016-07-30",
        "symbol": "WMT",
        "period": "Q2",
        "profitloss": 3773000000,
        "netincomelossattributabletononredeemablenoncontrollinginterest": 116000000,
        "netincomeloss": 3773000000,
        "othercomprehensiveincomelossforeigncurrencytransactionandtranslationadjustmentnetoftax": -950000000,
        "othercomprehensiveincomelossderivativesqualifyingashedgesnetoftax": 288000000,
        "othercomprehensiveincomelosspensionandotherpostretirementbenefitplansadjustmentnetoftax": 7000000,
        "othercomprehensiveincomelossnetoftax": -677000000,
        "othercomprehensiveincomelossnetoftaxportionattributabletononcontrollinginterest": -79000000,
        "othercomprehensiveincomelossnetoftaxportionattributabletoparent": -677000000,
        "comprehensiveincomenetoftaxincludingportionattributabletononcontrollinginterest": 3133000000,
        "comprehensiveincomenetoftaxattributabletononcontrollinginterest": 37000000,
        "comprehensiveincomenetoftax": 3096000000,
        "salesrevenuenet": 34550000000,
        "otherincome": 1449000000,
        "revenues": 120854000000,
        "costofrevenue": 89485000000,
        "sellinggeneralandadministrativeexpense": 25204000000,
        "operatingincomeloss": 3476000000,
        "interestexpensedebt": 509000000,
        "interestexpenselesseeassetsundercapitallease": 79000000,
        "investmentincomeinterest": 22000000,
        "interestincomeexpensenet": -566000000,
        "incomelossfromcontinuingoperationsbeforeincometaxesminorityinterestandincomelossfromequitymethodinvestments": 5599000000,
        "incometaxexpensebenefit": 1710000000,
        "netincomelossattributabletononcontrollinginterest": 116000000,
        "earningspersharebasic": 1.21,
        "earningspersharediluted": 1.2000000000000002,
        "weightedaveragenumberofsharesoutstandingbasic": -18000000,
        "weightedaveragenumberofdilutedsharesoutstanding": -18000000,
        "commonstockdividendspersharedeclared": 0
    },
    {
        "date": "2016-04-29",
        "symbol": "WMT",
        "period": "Q1",
        "profitloss": 3079000000,
        "netincomelossattributabletononredeemablenoncontrollinginterest": 137000000,
        "netincomeloss": 3079000000,
        "othercomprehensiveincomelossforeigncurrencytransactionandtranslationadjustmentnetoftax": 621000000,
        "othercomprehensiveincomelossderivativesqualifyingashedgesnetoftax": -78000000,
        "othercomprehensiveincomelosspensionandotherpostretirementbenefitplansadjustmentnetoftax": 99000000,
        "othercomprehensiveincomelossnetoftax": 602000000,
        "othercomprehensiveincomelossnetoftaxportionattributabletononcontrollinginterest": -15000000,
        "othercomprehensiveincomelossnetoftaxportionattributabletoparent": 602000000,
        "comprehensiveincomenetoftaxincludingportionattributabletononcontrollinginterest": 3803000000,
        "comprehensiveincomenetoftaxattributabletononcontrollinginterest": 122000000,
        "comprehensiveincomenetoftax": 3681000000,
        "salesrevenuenet": 114986000000,
        "otherincome": 918000000,
        "revenues": 115904000000,
        "costofrevenue": 86544000000,
        "sellinggeneralandadministrativeexpense": 24085000000,
        "operatingincomeloss": 5275000000,
        "interestexpensedebt": 499000000,
        "interestexpenselesseeassetsundercapitallease": 86000000,
        "investmentincomeinterest": 24000000,
        "interestincomeexpensenet": -561000000,
        "incomelossfromcontinuingoperationsbeforeincometaxesminorityinterestandincomelossfromequitymethodinvestments": 4714000000,
        "incometaxexpensebenefit": 1498000000,
        "netincomelossattributabletononcontrollinginterest": 137000000,
        "earningspersharebasic": 0.98,
        "earningspersharediluted": 0.98,
        "weightedaveragenumberofsharesoutstandingbasic": 3144000000,
        "weightedaveragenumberofdilutedsharesoutstanding": 3154000000,
        "commonstockdividendspersharedeclared": 2
    },
    {
        "date": "2016-01-30",
        "symbol": "WMT",
        "period": "Q4",
        "profitloss": 4960000000,
        "netincomelossattributabletononredeemablenoncontrollinginterest": 174000000,
        "netincomeloss": 4574000000,
        "othercomprehensiveincomelossforeigncurrencytransactionandtranslationadjustmentnetoftax": -1279000000,
        "othercomprehensiveincomelossderivativesqualifyingashedgesnetoftax": 265000000,
        "othercomprehensiveincomelosspensionandotherpostretirementbenefitplansadjustmentnetoftax": -13000000,
        "othercomprehensiveincomelossnetoftax": -1479000000,
        "othercomprehensiveincomelossnetoftaxportionattributabletononcontrollinginterest": -190000000,
        "othercomprehensiveincomelossnetoftaxportionattributabletoparent": -938000000,
        "comprehensiveincomenetoftaxincludingportionattributabletononcontrollinginterest": 3620000000,
        "comprehensiveincomenetoftaxattributabletononcontrollinginterest": -16000000,
        "comprehensiveincomenetoftax": 3636000000,
        "salesrevenuenet": 81462000000,
        "otherincome": 983000000,
        "revenues": -227892000000,
        "costofrevenue": 96999000000,
        "sellinggeneralandadministrativeexpense": 26026000000,
        "operatingincomeloss": 5123000000,
        "interestexpensedebt": 472000000,
        "interestexpenselesseeassetsundercapitallease": 93000000,
        "investmentincomeinterest": 17000000,
        "interestincomeexpensenet": -548000000,
        "incomelossfromcontinuingoperationsbeforeincometaxesminorityinterestandincomelossfromequitymethodinvestments": 6094000000,
        "incometaxexpensebenefit": 1346000000,
        "incomelossfromcontinuingoperationsincludingportionattributabletononcontrollinginterest": 4748000000,
        "netincomelossattributabletononcontrollinginterest": 174000000,
        "incomelossfromcontinuingoperationsperbasicshare": 1.4399999999999997,
        "earningspersharebasic": 1.4399999999999997,
        "incomelossfromcontinuingoperationsperdilutedshare": 1.4400000000000006,
        "earningspersharediluted": 1.4400000000000006,
        "weightedaveragenumberofsharesoutstandingbasic": -14000000,
        "weightedaveragenumberofdilutedsharesoutstanding": -14000000
    },
    {
        "date": "2015-10-30",
        "symbol": "WMT",
        "period": "Q3",
        "profitloss": 3304000000,
        "netincomelossattributabletononredeemablenoncontrollinginterest": 110000000,
        "netincomeloss": 3304000000,
        "othercomprehensiveincomelossforeigncurrencytransactionandtranslationadjustmentnetoftax": -2694000000,
        "othercomprehensiveincomelossderivativesqualifyingashedgesnetoftax": 182000000,
        "othercomprehensiveincomelosspensionandotherpostretirementbenefitplansadjustmentnetoftax": 1000000,
        "othercomprehensiveincomelossnetoftax": -2271000000,
        "othercomprehensiveincomelossnetoftaxportionattributabletononcontrollinginterest": -298000000,
        "othercomprehensiveincomelossnetoftaxportionattributabletoparent": -2271000000,
        "comprehensiveincomenetoftaxincludingportionattributabletononcontrollinginterest": 845000000,
        "comprehensiveincomenetoftaxattributabletononcontrollinginterest": -188000000,
        "comprehensiveincomenetoftax": 1033000000,
        "salesrevenuenet": 72712000000,
        "otherincome": 810000000,
        "revenues": 117408000000,
        "costofrevenue": 87446000000,
        "sellinggeneralandadministrativeexpense": 24248000000,
        "operatingincomeloss": 4506000000,
        "interestexpensedebt": 509000000,
        "interestexpenselesseeassetsundercapitallease": 64000000,
        "investmentincomeinterest": 21000000,
        "interestincomeexpensenet": -552000000,
        "incomelossfromcontinuingoperationsbeforeincometaxesminorityinterestandincomelossfromequitymethodinvestments": 5162000000,
        "incometaxexpensebenefit": 1748000000,
        "incomelossfromcontinuingoperationsincludingportionattributabletononcontrollinginterest": 3414000000,
        "netincomelossattributabletononcontrollinginterest": 110000000,
        "incomelossfromcontinuingoperationsperbasicshare": 1.0300000000000005,
        "earningspersharebasic": 1.0300000000000005,
        "incomelossfromcontinuingoperationsperdilutedshare": 1.0199999999999998,
        "earningspersharediluted": 1.0199999999999998,
        "weightedaveragenumberofsharesoutstandingbasic": -5000000,
        "weightedaveragenumberofdilutedsharesoutstanding": -6000000
    },
    {
        "date": "2015-07-30",
        "symbol": "WMT",
        "period": "Q2",
        "profitloss": 3475000000,
        "netincomelossattributabletononredeemablenoncontrollinginterest": 160000000,
        "netincomeloss": 3475000000,
        "othercomprehensiveincomelossforeigncurrencytransactionandtranslationadjustmentnetoftax": 437000000,
        "othercomprehensiveincomelossderivativesqualifyingashedgesnetoftax": -17000000,
        "othercomprehensiveincomelosspensionandotherpostretirementbenefitplansadjustmentnetoftax": -4000000,
        "othercomprehensiveincomelossnetoftax": 207000000,
        "othercomprehensiveincomelossnetoftaxportionattributabletononcontrollinginterest": 78000000,
        "othercomprehensiveincomelossnetoftaxportionattributabletoparent": 207000000,
        "comprehensiveincomenetoftaxincludingportionattributabletononcontrollinginterest": 3920000000,
        "comprehensiveincomenetoftaxattributabletononcontrollinginterest": 238000000,
        "comprehensiveincomenetoftax": 3682000000,
        "salesrevenuenet": 73959000000,
        "otherincome": 899000000,
        "revenues": 120229000000,
        "costofrevenue": 90056000000,
        "sellinggeneralandadministrativeexpense": 24104000000,
        "operatingincomeloss": 4819000000,
        "interestexpensedebt": 523000000,
        "interestexpenselesseeassetsundercapitallease": 44000000,
        "investmentincomeinterest": 24000000,
        "interestincomeexpensenet": -543000000,
        "incomelossfromcontinuingoperationsbeforeincometaxesminorityinterestandincomelossfromequitymethodinvestments": 5526000000,
        "incometaxexpensebenefit": 1891000000,
        "incomelossfromcontinuingoperationsincludingportionattributabletononcontrollinginterest": 3635000000,
        "netincomelossattributabletononcontrollinginterest": 160000000,
        "incomelossfromcontinuingoperationsperbasicshare": 1.0799999999999998,
        "earningspersharebasic": 1.0799999999999998,
        "incomelossfromcontinuingoperationsperdilutedshare": 1.0799999999999998,
        "earningspersharediluted": 1.0799999999999998,
        "weightedaveragenumberofsharesoutstandingbasic": -5000000,
        "weightedaveragenumberofdilutedsharesoutstanding": -6000000,
        "commonstockdividendspersharedeclared": 0
    },
    {
        "date": "2015-04-29",
        "symbol": "WMT",
        "period": "Q1",
        "profitloss": 3341000000,
        "netincomelossattributabletononredeemablenoncontrollinginterest": -58000000,
        "netincomeloss": 3341000000,
        "othercomprehensiveincomelossforeigncurrencytransactionandtranslationadjustmentnetoftax": -1684000000,
        "othercomprehensiveincomelossderivativesqualifyingashedgesnetoftax": -64000000,
        "othercomprehensiveincomelosspensionandotherpostretirementbenefitplansadjustmentnetoftax": -70000000,
        "othercomprehensiveincomelossnetoftax": -1427000000,
        "othercomprehensiveincomelossnetoftaxportionattributabletononcontrollinginterest": -131000000,
        "othercomprehensiveincomelossnetoftaxportionattributabletoparent": -1427000000,
        "comprehensiveincomenetoftaxincludingportionattributabletononcontrollinginterest": 1725000000,
        "comprehensiveincomenetoftaxattributabletononcontrollinginterest": -189000000,
        "comprehensiveincomenetoftax": 1914000000,
        "salesrevenuenet": 70245000000,
        "otherincome": 824000000,
        "revenues": 114826000000,
        "costofrevenue": 86483000000,
        "sellinggeneralandadministrativeexpense": 22663000000,
        "operatingincomeloss": 4639000000,
        "interestexpensedebt": 523000000,
        "interestexpenselesseeassetsundercapitallease": 320000000,
        "investmentincomeinterest": 19000000,
        "interestincomeexpensenet": -824000000,
        "incomelossfromcontinuingoperationsbeforeincometaxesminorityinterestandincomelossfromequitymethodinvestments": 4856000000,
        "incometaxexpensebenefit": 1573000000,
        "incomelossfromcontinuingoperationsincludingportionattributabletononcontrollinginterest": 3283000000,
        "netincomelossattributabletononcontrollinginterest": -58000000,
        "incomelossfromcontinuingoperationsperbasicshare": 1.03,
        "earningspersharebasic": 1.03,
        "incomelossfromcontinuingoperationsperdilutedshare": 1.03,
        "earningspersharediluted": 1.03,
        "weightedaveragenumberofsharesoutstandingbasic": 3231000000,
        "weightedaveragenumberofdilutedsharesoutstanding": 3243000000,
        "commonstockdividendspersharedeclared": 1.96
    },
    {
        "date": "2015-01-30",
        "symbol": "WMT",
        "period": "Q4",
        "profitloss": 5188000000,
        "netincomelossattributabletononredeemablenoncontrollinginterest": 222000000,
        "netincomeloss": 4966000000,
        "othercomprehensiveincomelossforeigncurrencytransactionandtranslationadjustmentnetoftax": -2851000000,
        "othercomprehensiveincomelossderivativesqualifyingashedgesnetoftax": -305000000,
        "othercomprehensiveincomelosspensionandotherpostretirementbenefitplansadjustmentnetoftax": 85000000,
        "othercomprehensiveincomelossnetoftax": -3241000000,
        "othercomprehensiveincomelossnetoftaxportionattributabletononcontrollinginterest": -324000000,
        "othercomprehensiveincomelossnetoftaxportionattributabletoparent": -2917000000,
        "comprehensiveincomenetoftaxincludingportionattributabletononcontrollinginterest": 1947000000,
        "comprehensiveincomenetoftaxattributabletononcontrollinginterest": -102000000,
        "comprehensiveincomenetoftax": 2049000000,
        "salesrevenuenet": 188094000000,
        "otherincome": 915000000,
        "revenues": -216662000000,
        "costofrevenue": 99115000000,
        "sellinggeneralandadministrativeexpense": 24501000000,
        "operatingincomeloss": 17215000000,
        "interestexpensedebt": 560000000,
        "interestexpenselesseeassetsundercapitallease": 63000000,
        "investmentincomeinterest": 37000000,
        "interestincomeexpensenet": -586000000,
        "incomelossfromcontinuingoperationsbeforeincometaxesminorityinterestandincomelossfromequitymethodinvestments": 7363000000,
        "incometaxexpensebenefit": 2175000000,
        "incomelossfromcontinuingoperationsincludingportionattributabletononcontrollinginterest": 5188000000,
        "netincomelossattributabletononcontrollinginterest": 222000000,
        "incomelossfromcontinuingoperationsperbasicshare": 1.5399999999999996,
        "incomelossfromdiscontinuedoperationsnetoftaxperbasicshare": 1.734723475976807e-18,
        "earningspersharebasic": 1.5400000000000011,
        "incomelossfromcontinuingoperationsperdilutedshare": 1.5300000000000002,
        "incomelossfromdiscontinuedoperationsnetoftaxperdilutedshare": 0.009999999999999997,
        "earningspersharediluted": 1.5400000000000003,
        "weightedaveragenumberofdilutedsharesoutstanding": 0
    },
    {
        "date": "2014-10-30",
        "symbol": "WMT",
        "period": "Q3",
        "profitloss": 3826000000,
        "netincomelossattributabletononredeemablenoncontrollinginterest": 115000000,
        "netincomeloss": 3711000000,
        "othercomprehensiveincomelossforeigncurrencytransactionandtranslationadjustmentnetoftax": -2340000000,
        "othercomprehensiveincomelossderivativesqualifyingashedgesnetoftax": -161000000,
        "othercomprehensiveincomelosspensionandotherpostretirementbenefitplansadjustmentnetoftax": -10000000,
        "othercomprehensiveincomelossnetoftax": -2491000000,
        "othercomprehensiveincomelossnetoftaxportionattributabletononcontrollinginterest": -197000000,
        "othercomprehensiveincomelossnetoftaxportionattributabletoparent": -2294000000,
        "comprehensiveincomenetoftaxincludingportionattributabletononcontrollinginterest": 1335000000,
        "comprehensiveincomenetoftaxattributabletononcontrollinginterest": -82000000,
        "comprehensiveincomenetoftax": 1417000000,
        "salesrevenuenet": 33659000000,
        "otherincome": 925000000,
        "revenues": 119001000000,
        "costofrevenue": 89247000000,
        "sellinggeneralandadministrativeexpense": 23489000000,
        "operatingincomeloss": 1430000000,
        "interestexpensedebt": 561000000,
        "interestexpenselesseeassetsundercapitallease": 115000000,
        "investmentincomeinterest": 20000000,
        "interestincomeexpensenet": -656000000,
        "incomelossfromcontinuingoperationsbeforeincometaxesminorityinterestandincomelossfromequitymethodinvestments": 5609000000,
        "incometaxexpensebenefit": 1783000000,
        "incomelossfromcontinuingoperationsincludingportionattributabletononcontrollinginterest": 3826000000,
        "incomelossfromdiscontinuedoperationsnetoftax": 0,
        "netincomelossattributabletononcontrollinginterest": 115000000,
        "incomelossfromcontinuingoperationsperbasicshare": 1.1500000000000004,
        "incomelossfromdiscontinuedoperationsnetoftaxperbasicshare": 1.734723475976807e-18,
        "earningspersharebasic": 1.1499999999999997,
        "incomelossfromcontinuingoperationsperdilutedshare": 1.15,
        "incomelossfromdiscontinuedoperationsnetoftaxperdilutedshare": -0.009999999999999993,
        "earningspersharediluted": 1.14,
        "weightedaveragenumberofsharesoutstandingbasic": 0,
        "weightedaveragenumberofdilutedsharesoutstanding": -1000000
    },
    {
        "date": "2014-07-30",
        "symbol": "WMT",
        "period": "Q2",
        "profitloss": 4359000000,
        "netincomelossattributabletononredeemablenoncontrollinginterest": 266000000,
        "netincomeloss": 4093000000,
        "othercomprehensiveincomelossforeigncurrencytransactionandtranslationadjustmentnetoftax": 778000000,
        "othercomprehensiveincomelossderivativesqualifyingashedgesnetoftax": -8000000,
        "othercomprehensiveincomelosspensionandotherpostretirementbenefitplansadjustmentnetoftax": -2000000,
        "othercomprehensiveincomelossnetoftax": 772000000,
        "othercomprehensiveincomelossnetoftaxportionattributabletononcontrollinginterest": 17000000,
        "othercomprehensiveincomelossnetoftaxportionattributabletoparent": 755000000,
        "comprehensiveincomenetoftaxincludingportionattributabletononcontrollinginterest": 5131000000,
        "comprehensiveincomenetoftaxattributabletononcontrollinginterest": 283000000,
        "comprehensiveincomenetoftax": 4848000000,
        "salesrevenuenet": 52405000000,
        "otherincome": 789000000,
        "revenues": 120125000000,
        "costofrevenue": 90010000000,
        "sellinggeneralandadministrativeexpense": 23375000000,
        "operatingincomeloss": 3154000000,
        "interestexpensedebt": 509000000,
        "interestexpenselesseeassetsundercapitallease": 61000000,
        "investmentincomeinterest": 32000000,
        "interestincomeexpensenet": -538000000,
        "incomelossfromcontinuingoperationsbeforeincometaxesminorityinterestandincomelossfromequitymethodinvestments": 6202000000,
        "incometaxexpensebenefit": 2113000000,
        "incomelossfromcontinuingoperationsincludingportionattributabletononcontrollinginterest": 4089000000,
        "incomelossfromdiscontinuedoperationsnetoftax": 270000000,
        "netincomelossattributabletononcontrollinginterest": 266000000,
        "incomelossfromcontinuingoperationsperbasicshare": 1.2199999999999998,
        "incomelossfromdiscontinuedoperationsnetoftaxperbasicshare": 0.049999999999999996,
        "earningspersharebasic": 1.2699999999999998,
        "incomelossfromcontinuingoperationsperdilutedshare": 1.21,
        "incomelossfromdiscontinuedoperationsnetoftaxperdilutedshare": 0.049999999999999996,
        "earningspersharediluted": 1.26,
        "weightedaveragenumberofsharesoutstandingbasic": -2000000,
        "weightedaveragenumberofdilutedsharesoutstanding": -4000000,
        "commonstockdividendspersharedeclared": 0
    },
    {
        "date": "2014-04-29",
        "symbol": "WMT",
        "period": "Q1",
        "profitloss": 3726000000,
        "netincomelossattributabletononcontrollinginterest": 133000000,
        "netincomelossattributabletononredeemablenoncontrollinginterest": 133000000,
        "netincomeloss": 3593000000,
        "othercomprehensiveincomelossforeigncurrencytransactionandtranslationadjustmentnetoftax": 234000000,
        "othercomprehensiveincomelossderivativesqualifyingashedgesnetoftax": 4000000,
        "othercomprehensiveincomelosspensionandotherpostretirementbenefitplansadjustmentnetoftax": -4000000,
        "othercomprehensiveincomelossnetoftax": 242000000,
        "othercomprehensiveincomelossnetoftaxportionattributabletononcontrollinginterest": -42000000,
        "othercomprehensiveincomelossnetoftaxportionattributabletoparent": 284000000,
        "comprehensiveincomenetoftaxincludingportionattributabletononcontrollinginterest": 3968000000,
        "comprehensiveincomenetoftaxattributabletononcontrollinginterest": 91000000,
        "comprehensiveincomenetoftax": 3877000000,
        "salesrevenuenet": 13891000000,
        "otherincome": 793000000,
        "revenues": 114960000000,
        "costofrevenue": 86714000000,
        "sellinggeneralandadministrativeexpense": 22053000000,
        "operatingincomeloss": -463000000,
        "interestexpensedebt": 531000000,
        "interestexpenselesseeassetsundercapitallease": 61000000,
        "investmentincomeinterest": 24000000,
        "interestincomeexpensenet": -568000000,
        "incomelossfromcontinuingoperationsbeforeincometaxesminorityinterestandincomelossfromequitymethodinvestments": 5625000000,
        "incometaxexpensebenefit": 1914000000,
        "incomelossfromcontinuingoperationsincludingportionattributabletononcontrollinginterest": 3711000000,
        "incomelossfromdiscontinuedoperationsnetoftax": 15000000,
        "incomelossfromcontinuingoperationsperbasicshare": 1.1,
        "incomelossfromdiscontinuedoperationsnetoftaxperbasicshare": 0.01,
        "earningspersharebasic": 1.11,
        "incomelossfromcontinuingoperationsperdilutedshare": 1.1,
        "incomelossfromdiscontinuedoperationsnetoftaxperdilutedshare": 0.01,
        "earningspersharediluted": 1.11,
        "weightedaveragenumberofsharesoutstandingbasic": 3233000000,
        "weightedaveragenumberofdilutedsharesoutstanding": 3248000000,
        "commonstockdividendspersharedeclared": 1.92
    },
    {
        "date": "2013-10-30",
        "symbol": "WMT",
        "period": "Q3",
        "profitloss": 3885000000,
        "netincomelossattributabletononcontrollinginterestexcludingredeemable": 131000000,
        "netincomelossattributabletoredeemablenoncontrollinginterest": 16000000,
        "netincomeloss": 3738000000,
        "othercomprehensiveincomelossforeigncurrencytransactionandtranslationadjustmentnetoftax": 724000000,
        "othercomprehensiveincomelossderivativesqualifyingashedgesnetoftax": 0,
        "othercomprehensiveincomelosspensionandotherpostretirementbenefitplansadjustmentnetoftax": -1000000,
        "othercomprehensiveincomelossnetoftax": 725000000,
        "othercomprehensiveincomelossnetoftaxportionattributabletononcontrollinginterest": 15000000,
        "othercomprehensiveincomenetoftaxportionattributabletoredeemablenoncontrollinginterest": 4000000,
        "othercomprehensiveincomelossnetoftaxportionattributabletoparent": 706000000,
        "comprehensiveincomenetoftaxincludingportionattributabletononcontrollinginterest": 4610000000,
        "comprehensiveincomenetoftaxattributabletononcontrollinginterest": 146000000,
        "comprehensiveincomelossnetoftaxattributabletoredeemablenoncontrollinginterest": 20000000,
        "comprehensiveincomenetoftax": 4444000000,
        "salesrevenuenet": -92803000000,
        "otherincome": 811000000,
        "revenues": 115456000000,
        "costofrevenue": 86616000000,
        "sellinggeneralandadministrativeexpense": 22564000000,
        "operatingincomeloss": -744000000,
        "interestexpensedebt": 527000000,
        "interestexpenselesseeassetsundercapitallease": 64000000,
        "investmentincomeinterest": 12000000,
        "interestincomeexpensenet": -579000000,
        "incomelossfromcontinuingoperationsbeforeincometaxesminorityinterestandincomelossfromequitymethodinvestments": 5697000000,
        "incometaxexpensebenefit": 1850000000,
        "netincomelossattributabletononcontrollinginterest": 147000000,
        "earningspersharebasic": 1.1399999999999997,
        "earningspersharediluted": 1.1400000000000003,
        "weightedaveragenumberofsharesoutstandingbasic": -11000000,
        "weightedaveragenumberofdilutedsharesoutstanding": -12000000
    },
    {
        "date": "2013-07-30",
        "symbol": "WMT",
        "period": "Q2",
        "profitloss": 4215000000,
        "netincomelossattributabletononcontrollinginterestexcludingredeemable": 132000000,
        "netincomelossattributabletoredeemablenoncontrollinginterest": 14000000,
        "netincomeloss": 4069000000,
        "othercomprehensiveincomelossforeigncurrencytransactionandtranslationadjustmentnetoftax": -1503000000,
        "othercomprehensiveincomelossderivativesqualifyingashedgesnetoftax": 261000000,
        "othercomprehensiveincomelosspensionandotherpostretirementbenefitplansadjustmentnetoftax": -8000000,
        "othercomprehensiveincomelossnetoftax": -1234000000,
        "othercomprehensiveincomelossnetoftaxportionattributabletononcontrollinginterest": -264000000,
        "othercomprehensiveincomenetoftaxportionattributabletoredeemablenoncontrollinginterest": -49000000,
        "othercomprehensiveincomelossnetoftaxportionattributabletoparent": -921000000,
        "comprehensiveincomenetoftaxincludingportionattributabletononcontrollinginterest": 2981000000,
        "comprehensiveincomenetoftaxattributabletononcontrollinginterest": -132000000,
        "comprehensiveincomelossnetoftaxattributabletoredeemablenoncontrollinginterest": -35000000,
        "comprehensiveincomenetoftax": 3148000000,
        "salesrevenuenet": 102276000000,
        "otherincome": 729000000,
        "revenues": 116945000000,
        "costofrevenue": 87455000000,
        "sellinggeneralandadministrativeexpense": 22697000000,
        "operatingincomeloss": -1923000000,
        "interestexpensedebt": 522000000,
        "interestexpenselesseeassetsundercapitallease": 67000000,
        "investmentincomeinterest": 36000000,
        "interestincomeexpensenet": -553000000,
        "incomelossfromcontinuingoperationsbeforeincometaxesminorityinterestandincomelossfromequitymethodinvestments": 6240000000,
        "incometaxexpensebenefit": 2025000000,
        "netincomelossattributabletononcontrollinginterest": 146000000,
        "earningspersharebasic": 1.2400000000000002,
        "earningspersharediluted": 1.24,
        "weightedaveragenumberofsharesoutstandingbasic": -11000000,
        "weightedaveragenumberofdilutedsharesoutstanding": -13000000,
        "commonstockdividendspersharedeclared": 0
    },
    {
        "date": "2013-04-29",
        "symbol": "WMT",
        "period": "Q1",
        "profitloss": 3945000000,
        "netincomelossattributabletononcontrollinginterestexcludingredeemable": 144000000,
        "netincomelossattributabletoredeemablenoncontrollinginterest": 17000000,
        "netincomeloss": 3784000000,
        "othercomprehensiveincomelossforeigncurrencytransactionandtranslationadjustmentnetoftax": -1392000000,
        "othercomprehensiveincomelossderivativesqualifyingashedgesnetoftax": -81000000,
        "othercomprehensiveincomelosspensionandotherpostretirementbenefitplansadjustmentnetoftax": -108000000,
        "othercomprehensiveincomelossnetoftax": -1365000000,
        "othercomprehensiveincomelossnetoftaxportionattributabletononcontrollinginterest": 9000000,
        "othercomprehensiveincomenetoftaxportionattributabletoredeemablenoncontrollinginterest": 7000000,
        "othercomprehensiveincomelossnetoftaxportionattributabletoparent": -1381000000,
        "comprehensiveincomenetoftaxincludingportionattributabletononcontrollinginterest": 2580000000,
        "comprehensiveincomenetoftaxattributabletononcontrollinginterest": 153000000,
        "comprehensiveincomelossnetoftaxattributabletoredeemablenoncontrollinginterest": 24000000,
        "comprehensiveincomenetoftax": 2403000000,
        "documentperiodenddate": "2013-04-30",
        "salesrevenuenet": 33005000000,
        "otherincome": 758000000,
        "revenues": 114187000000,
        "costofrevenue": 86027000000,
        "sellinggeneralandadministrativeexpense": 21704000000,
        "operatingincomeloss": 525000000,
        "interestexpensedebt": 507000000,
        "interestexpenselesseeassetsundercapitallease": 67000000,
        "investmentincomeinterest": 44000000,
        "interestincomeexpensenet": -530000000,
        "incomelossfromcontinuingoperationsbeforeincometaxesminorityinterestandincomelossfromequitymethodinvestments": 5926000000,
        "incometaxexpensebenefit": 1981000000,
        "netincomelossattributabletononcontrollinginterest": 161000000,
        "earningspersharebasic": 1.15,
        "earningspersharediluted": 1.14,
        "weightedaveragenumberofsharesoutstandingbasic": 3301000000,
        "weightedaveragenumberofdilutedsharesoutstanding": 3318000000,
        "commonstockdividendspersharedeclared": 1.88
    },
    {
        "date": "2013-01-30",
        "symbol": "WMT",
        "period": "Q4",
        "profitloss": 5876000000,
        "netincomelossattributabletononcontrollinginterestexcludingredeemable": 236000000,
        "netincomelossattributabletoredeemablenoncontrollinginterest": 34000000,
        "netincomeloss": 5606000000,
        "othercomprehensiveincomelossnetoftaxportionattributabletononcontrollinginterest": -58000000,
        "othercomprehensiveincomelossnetoftaxportionattributabletoparent": -1146000000,
        "comprehensiveincomenetoftaxincludingportionattributabletononcontrollinginterest": 5788000000,
        "comprehensiveincomenetoftaxattributabletononcontrollinginterest": 178000000,
        "comprehensiveincomenetoftax": 5581000000,
        "salesrevenuenet": -143402000000,
        "revenues": 127919000000,
        "costofrevenue": 96128000000,
        "sellinggeneralandadministrativeexpense": 23191000000,
        "operatingincomeloss": 23146000000,
        "interestexpensedebt": 465000000,
        "interestexpenselesseeassetsundercapitallease": 68000000,
        "investmentincomeinterest": 56000000,
        "interestincomeexpensenet": -477000000,
        "incomelossfromcontinuingoperationsbeforeincometaxesminorityinterestandincomelossfromequitymethodinvestments": -11229000000,
        "incometaxexpensebenefit": 2247000000,
        "incomelossfromcontinuingoperationsincludingportionattributabletononcontrollinginterest": 5876000000,
        "netincomelossattributabletononcontrollinginterest": 270000000,
        "incomelossfromcontinuingoperationsperbasicshare": 1.67,
        "earningspersharebasic": 1.67,
        "incomelossfromcontinuingoperationsperdilutedshare": 1.6699999999999997,
        "earningspersharediluted": 1.6699999999999997,
        "weightedaveragenumberofsharesoutstandingbasic": -11000000,
        "weightedaveragenumberofdilutedsharesoutstanding": -11000000
    },
    {
        "date": "2012-10-30",
        "symbol": "WMT",
        "period": "Q3",
        "profitloss": 3825000000,
        "netincomelossattributabletononcontrollinginterestexcludingredeemable": 176000000,
        "netincomelossattributabletoredeemablenoncontrollinginterest": 14000000,
        "netincomeloss": 3635000000,
        "othercomprehensiveincomelossnetoftaxportionattributabletononcontrollinginterest": 122000000,
        "othercomprehensiveincomelossnetoftaxportionattributabletoparent": 1365000000,
        "comprehensiveincomenetoftaxincludingportionattributabletononcontrollinginterest": 4950000000,
        "comprehensiveincomenetoftaxattributabletononcontrollinginterest": 298000000,
        "comprehensiveincomenetoftax": 4604000000,
        "salesrevenuenet": 66127000000,
        "revenues": 113929000000,
        "costofrevenue": 85517000000,
        "sellinggeneralandadministrativeexpense": 22296000000,
        "operatingincomeloss": -618000000,
        "interestexpensedebt": 522000000,
        "interestexpenselesseeassetsundercapitallease": 68000000,
        "investmentincomeinterest": 43000000,
        "interestincomeexpensenet": -547000000,
        "incomelossfromcontinuingoperationsbeforeincometaxesminorityinterestandincomelossfromequitymethodinvestments": 5569000000,
        "incometaxexpensebenefit": 1744000000,
        "incomelossfromcontinuingoperationsincludingportionattributabletononcontrollinginterest": 3825000000,
        "netincomelossattributabletononcontrollinginterest": 190000000,
        "incomelossfromcontinuingoperationsperbasicshare": 1.0900000000000003,
        "earningspersharebasic": 1.0900000000000003,
        "incomelossfromcontinuingoperationsperdilutedshare": 1.0799999999999998,
        "earningspersharediluted": 1.0799999999999998,
        "weightedaveragenumberofsharesoutstandingbasic": -11000000,
        "weightedaveragenumberofdilutedsharesoutstanding": -11000000
    },
    {
        "date": "2012-07-30",
        "symbol": "WMT",
        "period": "Q2",
        "profitloss": 4161000000,
        "netincomelossattributabletononcontrollinginterestexcludingredeemable": 129000000,
        "netincomelossattributabletoredeemablenoncontrollinginterest": 16000000,
        "netincomeloss": 4016000000,
        "othercomprehensiveincomeforeigncurrencytransactionandtranslationadjustmentnetoftaxperiodincreasedecrease": -1116000000,
        "othercomprehensiveincomederivativesqualifyingashedgesnetoftaxperiodincreasedecrease": -322000000,
        "othercomprehensiveincomedefinedbenefitplansadjustmentnetoftaxperiodincreasedecrease": -3000000,
        "othercomprehensiveincomelossnetoftaxperiodincreasedecrease": -1441000000,
        "othercomprehensiveincomelossnetoftaxportionattributabletononcontrollinginterest": -357000000,
        "othercomprehensiveincomeforeigncurrencytransactionandtranslationadjustmentnetoftaxportionattributabletoredeemablenoncontrollinginterest": -16000000,
        "othercomprehensiveincomelossnetoftaxportionattributabletoparent": -322000000,
        "comprehensiveincomenetoftaxincludingportionattributabletononcontrollinginterest": 2720000000,
        "comprehensiveincomenetoftaxattributabletononcontrollinginterest": -228000000,
        "comprehensiveincomelossnetoftaxattributabletoredeemablenoncontrollinginterest": 0,
        "comprehensiveincomenetoftax": 2948000000,
        "salesrevenuenet": 101621000000,
        "membershipandotherincome": 762000000,
        "revenues": 114296000000,
        "costofrevenue": 85657000000,
        "sellinggeneralandadministrativeexpense": 21941000000,
        "operatingincomeloss": -573000000,
        "interestexpensedebt": 487000000,
        "interestexpenselesseeassetsundercapitallease": 68000000,
        "investmentincomeinterest": 50000000,
        "interestincomeexpensenet": -505000000,
        "incomelossfromcontinuingoperationsbeforeincometaxesminorityinterestandincomelossfromequitymethodinvestments": 6193000000,
        "incometaxexpensebenefit": 2032000000,
        "incomelossfromcontinuingoperationsincludingportionattributabletononcontrollinginterest": 4161000000,
        "netincomelossattributabletononcontrollinginterest": 145000000,
        "incomelossfromcontinuingoperationsperbasicshare": 1.1799999999999997,
        "earningspersharebasic": 1.1799999999999997,
        "incomelossfromcontinuingoperationsperdilutedshare": 1.18,
        "earningspersharediluted": 1.18,
        "weightedaveragenumberofsharesoutstandingbasic": -13000000,
        "weightedaveragenumberofdilutedsharesoutstanding": -14000000,
        "commonstockdividendspersharedeclared": 0
    },
    {
        "date": "2012-04-29",
        "symbol": "WMT",
        "period": "Q1",
        "profitloss": 3894000000,
        "netincomelossattributabletononcontrollinginterestexcludingredeemable": 143000000,
        "netincomelossattributabletoredeemablenoncontrollinginterest": 9000000,
        "netincomeloss": 3742000000,
        "othercomprehensiveincomeforeigncurrencytransactionandtranslationadjustmentnetoftaxperiodincreasedecrease": 1472000000,
        "othercomprehensiveincomederivativesqualifyingashedgesnetoftaxperiodincreasedecrease": -63000000,
        "othercomprehensiveincomedefinedbenefitplansadjustmentnetoftaxperiodincreasedecrease": 7000000,
        "othercomprehensiveincomelossnetoftaxperiodincreasedecrease": 1416000000,
        "othercomprehensiveincomelossnetoftaxportionattributabletononcontrollinginterest": 431000000,
        "othercomprehensiveincomeforeigncurrencytransactionandtranslationadjustmentnetoftaxportionattributabletoredeemablenoncontrollinginterest": 38000000,
        "othercomprehensiveincomelossnetoftaxportionattributabletoparent": -63000000,
        "comprehensiveincomenetoftaxincludingportionattributabletononcontrollinginterest": 5310000000,
        "comprehensiveincomenetoftaxattributabletononcontrollinginterest": 574000000,
        "comprehensiveincomelossnetoftaxattributabletoredeemablenoncontrollinginterest": 47000000,
        "comprehensiveincomenetoftax": 4689000000,
        "salesrevenuenet": 32077000000,
        "membershipandotherincome": 746000000,
        "revenues": 113018000000,
        "costofrevenue": 85186000000,
        "sellinggeneralandadministrativeexpense": 21445000000,
        "operatingincomeloss": -455000000,
        "interestexpensedebt": 503000000,
        "interestexpenselesseeassetsundercapitallease": 70000000,
        "investmentincomeinterest": 38000000,
        "interestincomeexpensenet": -535000000,
        "incomelossfromcontinuingoperationsbeforeincometaxesminorityinterestandincomelossfromequitymethodinvestments": 5852000000,
        "incometaxexpensebenefit": 1958000000,
        "incomelossfromcontinuingoperationsincludingportionattributabletononcontrollinginterest": 3894000000,
        "netincomelossattributabletononcontrollinginterest": 152000000,
        "incomelossfromcontinuingoperationsperbasicshare": 1.1,
        "earningspersharebasic": 1.1,
        "incomelossfromcontinuingoperationsperdilutedshare": 1.09,
        "earningspersharediluted": 1.09,
        "weightedaveragenumberofsharesoutstandingbasic": 3409000000,
        "weightedaveragenumberofdilutedsharesoutstanding": 3425000000,
        "commonstockdividendspersharedeclared": 1.59
    },
    {
        "date": "2011-10-30",
        "symbol": "WMT",
        "period": "Q3",
        "salesrevenuenet": 63835000000,
        "membershipandotherincome": 710000000,
        "revenues": 110226000000,
        "costofrevenue": 82591000000,
        "sellinggeneralandadministrativeexpense": 21757000000,
        "operatingincomeloss": 4627000000,
        "interestexpensedebt": 528000000,
        "interestexpenselesseeassetsundercapitallease": 72000000,
        "investmentincomeinterest": 65000000,
        "interestincomeexpensenet": -535000000,
        "incomelossfromcontinuingoperationsbeforeincometaxesminorityinterestandincomelossfromequitymethodinvestments": 5343000000,
        "incometaxexpensebenefit": 1842000000,
        "incomelossfromcontinuingoperationsincludingportionattributabletononcontrollinginterest": 3501000000,
        "profitloss": 3493000000,
        "netincomelossattributabletononcontrollinginterest": 157000000,
        "netincomeloss": 3336000000,
        "incomelossfromcontinuingoperationsperbasicshare": 0.9700000000000002,
        "earningspersharebasic": 0.96,
        "incomelossfromcontinuingoperationsperdilutedshare": 0.9699999999999998,
        "earningspersharediluted": 0.96,
        "weightedaveragenumberofsharesoutstandingbasic": -13000000,
        "weightedaveragenumberofdilutedsharesoutstanding": -14000000,
        "othercomprehensiveincomeforeigncurrencytransactionandtranslationadjustmentnetoftaxperiodincreasedecrease": -3546000000,
        "othercomprehensiveincomederivativesqualifyingashedgesnetoftaxperiodincreasedecrease": 15000000,
        "comprehensiveincomenetoftaxincludingportionattributabletononcontrollinginterest": -38000000,
        "othercomprehensiveincomeforeigncurrencytransactionandtranslationadjustmentnetoftaxportionattributabletononcontrollinginterest": -870000000,
        "comprehensiveincomenetoftaxattributabletononcontrollinginterest": -713000000,
        "comprehensiveincomenetoftax": 675000000,
        "othercomprehensiveincomeforeigncurrencytransactionandtranslationadjustmentnetoftaxportionattributabletoredeemablenoncontrollinginterest": -64000000
    },
    {
        "date": "2011-07-30",
        "symbol": "WMT",
        "period": "Q2",
        "salesrevenuenet": 64893000000,
        "membershipandotherincome": 728000000,
        "revenues": 109366000000,
        "costofrevenue": 81770000000,
        "sellinggeneralandadministrativeexpense": 21213000000,
        "operatingincomeloss": 4985000000,
        "interestexpensedebt": 525000000,
        "interestexpenselesseeassetsundercapitallease": 75000000,
        "investmentincomeinterest": 22000000,
        "interestincomeexpensenet": -578000000,
        "incomelossfromcontinuingoperationsbeforeincometaxesminorityinterestandincomelossfromequitymethodinvestments": 5805000000,
        "incometaxexpensebenefit": 1868000000,
        "incomelossfromcontinuingoperationsincludingportionattributabletononcontrollinginterest": 3937000000,
        "incomelossfromdiscontinuedoperationsnetoftax": 0,
        "profitloss": 3937000000,
        "netincomelossattributabletononcontrollinginterest": 136000000,
        "netincomeloss": 3801000000,
        "incomelossfromcontinuingoperationsperbasicshare": 1.0899999999999999,
        "earningspersharebasic": 1.0999999999999999,
        "incomelossfromcontinuingoperationsperdilutedshare": 1.08,
        "earningspersharediluted": 1.09,
        "weightedaveragenumberofsharesoutstandingbasic": -11000000,
        "weightedaveragenumberofdilutedsharesoutstanding": -12000000,
        "commonstockdividendspersharedeclared": 0,
        "othercomprehensiveincomeforeigncurrencytransactionandtranslationadjustmentnetoftaxperiodincreasedecrease": 405000000,
        "othercomprehensiveincomederivativesqualifyingashedgesnetoftaxperiodincreasedecrease": 65000000,
        "comprehensiveincomenetoftaxincludingportionattributabletononcontrollinginterest": 4407000000,
        "othercomprehensiveincomeforeigncurrencytransactionandtranslationadjustmentnetoftaxportionattributabletononcontrollinginterest": 62000000,
        "comprehensiveincomenetoftaxattributabletononcontrollinginterest": 198000000,
        "comprehensiveincomenetoftax": 4209000000,
        "othercomprehensiveincomeforeigncurrencytransactionandtranslationadjustmentnetoftaxportionattributabletoredeemablenoncontrollinginterest": 21000000
    },
    {
        "date": "2011-04-29",
        "symbol": "WMT",
        "period": "Q1",
        "salesrevenuenet": 62669000000,
        "membershipandotherincome": 774000000,
        "revenues": 104189000000,
        "costofrevenue": 78177000000,
        "sellinggeneralandadministrativeexpense": 20116000000,
        "operatingincomeloss": 4650000000,
        "interestexpensedebt": 491000000,
        "interestexpenselesseeassetsundercapitallease": 71000000,
        "investmentincomeinterest": 44000000,
        "interestincomeexpensenet": -518000000,
        "incomelossfromcontinuingoperationsbeforeincometaxesminorityinterestandincomelossfromequitymethodinvestments": 5378000000,
        "incometaxexpensebenefit": 1800000000,
        "incomelossfromcontinuingoperationsincludingportionattributabletononcontrollinginterest": 3578000000,
        "incomelossfromdiscontinuedoperationsnetoftax": -28000000,
        "profitloss": 3550000000,
        "netincomelossattributabletononcontrollinginterest": 151000000,
        "netincomeloss": 3399000000,
        "incomelossfromcontinuingoperationsperbasicshare": 0.98,
        "incomelossfromdiscontinuedoperationsnetoftaxperbasicshare": -0.01,
        "earningspersharebasic": 0.97,
        "incomelossfromcontinuingoperationsperdilutedshare": 0.98,
        "incomelossfromdiscontinuedoperationsnetoftaxperdilutedshare": -0.01,
        "earningspersharediluted": 0.97,
        "weightedaveragenumberofsharesoutstandingbasic": 3497000000,
        "weightedaveragenumberofdilutedsharesoutstanding": 3513000000,
        "commonstockdividendspersharedeclared": 1.46,
        "othercomprehensiveincomeforeigncurrencytransactionandtranslationadjustmentnetoftaxperiodincreasedecrease": 495000000,
        "othercomprehensiveincomederivativesqualifyingashedgesnetoftaxperiodincreasedecrease": -178000000,
        "comprehensiveincomenetoftaxincludingportionattributabletononcontrollinginterest": 3867000000,
        "othercomprehensiveincomeforeigncurrencytransactionandtranslationadjustmentnetoftaxportionattributabletononcontrollinginterest": 85000000,
        "comprehensiveincomenetoftaxattributabletononcontrollinginterest": 236000000,
        "comprehensiveincomenetoftax": 3631000000,
        "netincomelossattributabletoredeemablenoncontrollinginterests": 17000000,
        "othercomprehensiveincomeforeigncurrencytransactionandtranslationadjustmentnetoftaxportionattributabletoredeemablenoncontrollinginterest": -17000000
    },
    {
        "date": "2010-10-30",
        "symbol": "WMT",
        "period": "Q3",
        "salesrevenuenet": 62178000000,
        "membershipandotherincome": 713000000,
        "revenues": 101952000000,
        "costofrevenue": 75906000000,
        "sellinggeneralandadministrativeexpense": 20435000000,
        "operatingincomeloss": 4399000000,
        "interestexpensedebt": 500000000,
        "interestexpenselesseeassetsundercapitallease": 69000000,
        "investmentincomeinterest": 53000000,
        "interestincomeexpensenet": -516000000,
        "incomelossfromcontinuingoperationsbeforeincometaxesminorityinterestandincomelossfromequitymethodinvestments": 5095000000,
        "incometaxexpensebenefit": 1505000000,
        "incomelossfromcontinuingoperationsincludingportionattributabletononcontrollinginterest": 3590000000,
        "profitloss": 3590000000,
        "netincomelossattributabletononcontrollinginterest": 154000000,
        "netincomeloss": 3436000000,
        "incomelossfromcontinuingoperationsperbasicshare": 0.9499999999999996,
        "earningspersharebasic": 0.9499999999999996,
        "incomelossfromcontinuingoperationsperdilutedshare": 0.9500000000000001,
        "earningspersharediluted": 0.9500000000000001,
        "weightedaveragenumberofsharesoutstandingbasic": -38000000,
        "weightedaveragenumberofdilutedsharesoutstanding": -38000000,
        "othercomprehensiveincomeforeigncurrencytransactionandtranslationadjustmentnetoftaxperiodincreasedecrease": 1417000000,
        "othercomprehensiveincomederivativesqualifyingashedgesnetoftaxperiodincreasedecrease": -81000000,
        "comprehensiveincomenetoftaxincludingportionattributabletononcontrollinginterest": 4926000000,
        "othercomprehensiveincomeforeigncurrencytransactionandtranslationadjustmentnetoftaxportionattributabletononcontrollinginterest": 132000000,
        "comprehensiveincomenetoftaxattributabletononcontrollinginterest": 286000000,
        "comprehensiveincomenetoftax": 4640000000,
        "netincomelossattributabletoredeemablenoncontrollinginterests": 4000000,
        "othercomprehensiveincomeforeigncurrencytransactionandtranslationadjustmentnetoftaxportionattributabletoredeemablenoncontrollinginterest": 42000000
    },
    {
        "date": "2010-07-30",
        "symbol": "WMT",
        "period": "Q2",
        "salesrevenuenet": 27881000000,
        "membershipandotherincome": 673000000,
        "revenues": 103689000000,
        "costofrevenue": 77520000000,
        "sellinggeneralandadministrativeexpense": 20014000000,
        "operatingincomeloss": 3722000000,
        "interestexpensedebt": 477000000,
        "interestexpenselesseeassetsundercapitallease": 65000000,
        "investmentincomeinterest": 57000000,
        "interestincomeexpensenet": -485000000,
        "incomelossfromcontinuingoperationsbeforeincometaxesminorityinterestandincomelossfromequitymethodinvestments": 5670000000,
        "incometaxexpensebenefit": 1946000000,
        "incomelossfromcontinuingoperationsincludingportionattributabletononcontrollinginterest": 3724000000,
        "profitloss": 3724000000,
        "netincomelossattributabletononcontrollinginterest": 151000000,
        "netincomeloss": 3573000000,
        "incomelossfromcontinuingoperationsperbasicshare": 0.9700000000000001,
        "earningspersharebasic": 0.9700000000000001,
        "incomelossfromcontinuingoperationsperdilutedshare": 0.9600000000000001,
        "earningspersharediluted": 0.9600000000000001,
        "weightedaveragenumberofsharesoutstandingbasic": -35000000,
        "weightedaveragenumberofdilutedsharesoutstanding": -37000000,
        "commonstockdividendspersharedeclared": 0,
        "othercomprehensiveincomeforeigncurrencytransactionandtranslationadjustmentnetoftaxperiodincreasedecrease": -896000000,
        "othercomprehensiveincomederivativesqualifyingashedgesnetoftaxperiodincreasedecrease": -108000000,
        "comprehensiveincomenetoftaxincludingportionattributabletononcontrollinginterest": 2720000000,
        "othercomprehensiveincomeforeigncurrencytransactionandtranslationadjustmentnetoftaxportionattributabletononcontrollinginterest": -121000000,
        "comprehensiveincomenetoftaxattributabletononcontrollinginterest": 30000000,
        "comprehensiveincomenetoftax": 2690000000,
        "netincomelossattributabletoredeemablenoncontrollinginterests": 5000000,
        "othercomprehensiveincomeforeigncurrencytransactionandtranslationadjustmentnetoftaxportionattributabletoredeemablenoncontrollinginterest": 3000000
    },
    {
        "date": "2010-04-29",
        "symbol": "WMT",
        "period": "Q1",
        "salesrevenuenet": 99097000000,
        "membershipandotherincome": 751000000,
        "revenues": 99848000000,
        "costofrevenue": 74703000000,
        "sellinggeneralandadministrativeexpense": 19373000000,
        "operatingincomeloss": 5772000000,
        "interestexpensedebt": 455000000,
        "interestexpenselesseeassetsundercapitallease": 67000000,
        "investmentincomeinterest": 51000000,
        "interestincomeexpensenet": -471000000,
        "incomelossfromcontinuingoperationsbeforeincometaxesminorityinterestandincomelossfromequitymethodinvestments": 5301000000,
        "incometaxexpensebenefit": 1834000000,
        "incomelossfromcontinuingoperationsincludingportionattributabletononcontrollinginterest": 3467000000,
        "profitloss": 3467000000,
        "netincomelossattributabletononcontrollinginterest": 143000000,
        "netincomeloss": 3324000000,
        "incomelossfromcontinuingoperationsperbasicshare": 0.88,
        "earningspersharebasic": 0.88,
        "incomelossfromcontinuingoperationsperdilutedshare": 0.88,
        "earningspersharediluted": 0.88,
        "weightedaveragenumberofsharesoutstandingbasic": 3765000000,
        "weightedaveragenumberofdilutedsharesoutstanding": 3781000000,
        "commonstockdividendspersharedeclared": 1.21,
        "othercomprehensiveincomeforeigncurrencytransactionandtranslationadjustmentnetoftaxperiodincreasedecrease": -48000000,
        "othercomprehensiveincomederivativesqualifyingashedgesnetoftaxperiodincreasedecrease": 83000000,
        "comprehensiveincomenetoftaxincludingportionattributabletononcontrollinginterest": 3502000000,
        "othercomprehensiveincomeforeigncurrencytransactionandtranslationadjustmentnetoftaxportionattributabletononcontrollinginterest": 181000000,
        "comprehensiveincomenetoftaxattributabletononcontrollinginterest": 324000000,
        "comprehensiveincomenetoftax": 3178000000,
        "netincomelossattributabletoredeemablenoncontrollinginterests": -3000000,
        "othercomprehensiveincomeforeigncurrencytransactionandtranslationadjustmentnetoftaxportionattributabletoredeemablenoncontrollinginterest": 26000000
    },
    {
        "date": "2009-07-30",
        "symbol": "WMT",
        "period": "Q2",
        "salesrevenuenet": 100082000000,
        "membershipandotherincome": 828000000,
        "revenues": 100910000000,
        "costofrevenue": 75153000000,
        "sellinggeneralandadministrativeexpense": 19875000000,
        "operatingincomeloss": 5882000000,
        "interestexpensedebt": 447000000,
        "interestexpenselesseeassetsundercapitallease": 68000000,
        "investmentincomeinterest": 42000000,
        "interestincomeexpensenet": -473000000,
        "incomelossfromcontinuingoperationsbeforeincometaxesminorityinterestandincomelossfromequitymethodinvestments": 5409000000,
        "incometaxexpensebenefit": 1853000000,
        "incomelossfromcontinuingoperationsincludingportionattributabletononcontrollinginterest": 3556000000,
        "incomelossfromdiscontinuedoperationsnetoftax": -7000000,
        "profitloss": 3549000000,
        "netincomelossattributabletononcontrollinginterest": 107000000,
        "netincomeloss": 3442000000,
        "incomelossfromcontinuingoperationsperbasicshare": 0.89,
        "incomelossfromdiscontinuedoperationsnetoftaxperbasicshare": -0.01,
        "earningspersharebasic": 0.88,
        "incomelossfromcontinuingoperationsperdilutedshare": 0.88,
        "earningspersharediluted": 0.88,
        "weightedaveragenumberofsharesoutstandingbasic": 3891000000,
        "weightedaveragenumberofdilutedsharesoutstanding": 3900000000
    }
]