[
    {
        "date": "2024-09-29",
        "symbol": "DKNG",
        "period": "Q3",
        "revenuefromcontractwithcustomerincludingassessedtax": 1095490000,
        "costofrevenue": 742434000,
        "sellingandmarketingexpense": 339943000,
        "productandtechnology": 103581000,
        "generalandadministrativeexpense": 208126000,
        "operatingincomeloss": -298594000,
        "investmentincomeinterest": 9200000,
        "interestexpensenonoperating": 872000,
        "fairvalueadjustmentofwarrants": -21000,
        "othernonoperatingincomeexpense": -4620000,
        "incomelossfromcontinuingoperationsbeforeincometaxesminorityinterestandincomelossfromequitymethodinvestments": -294865000,
        "incometaxexpensebenefit": -1287000,
        "incomelossfromequitymethodinvestments": -110000,
        "netincomeloss": -293688000,
        "earningspersharebasic": -0.6,
        "earningspersharediluted": -0.6
    },
    {
        "date": "2024-06-29",
        "symbol": "DKNG",
        "period": "Q2",
        "revenuefromcontractwithcustomerincludingassessedtax": 1104441000,
        "costofrevenue": 663414000,
        "sellingandmarketingexpense": 215676000,
        "productandtechnology": 92655000,
        "generalandadministrativeexpense": 165084000,
        "operatingincomeloss": -32388000,
        "investmentincomeinterest": 14212000,
        "interestexpensenonoperating": 678000,
        "fairvalueadjustmentofwarrants": -9791000,
        "othernonoperatingincomeexpense": -446000,
        "incomelossfromcontinuingoperationsbeforeincometaxesminorityinterestandincomelossfromequitymethodinvestments": -9509000,
        "incometaxexpensebenefit": -73570000,
        "incomelossfromequitymethodinvestments": -239000,
        "netincomeloss": 63822000,
        "earningspersharebasic": 0.13,
        "earningspersharediluted": 0.1
    },
    {
        "date": "2024-03-30",
        "symbol": "DKNG",
        "period": "Q1",
        "revenuefromcontractwithcustomerincludingassessedtax": 1174996000,
        "costofrevenue": 710069000,
        "sellingandmarketingexpense": 340699000,
        "productandtechnology": 88815000,
        "generalandadministrativeexpense": 174251000,
        "operatingincomeloss": -138838000,
        "investmentincomeinterest": 15067000,
        "interestexpense": 649000,
        "fairvalueadjustmentofwarrants": 18094000,
        "othernonoperatingincomeexpense": -735000,
        "incomelossfromcontinuingoperationsbeforeincometaxesminorityinterestandincomelossfromequitymethodinvestments": -143249000,
        "incometaxexpensebenefit": -351000,
        "incomelossfromequitymethodinvestments": 330000,
        "netincomeloss": -142568000,
        "earningspersharebasic": -0.3,
        "earningspersharediluted": -0.3
    },
    {
        "date": "2023-12-30",
        "symbol": "DKNG",
        "period": "Q4",
        "revenuefromcontractwithcustomerincludingassessedtax": 1230857000,
        "costofrevenue": 716658000,
        "sellingandmarketingexpense": 290775000,
        "productandtechnology": 88157000,
        "generalandadministrativeexpense": 179076000,
        "operatingincomeloss": -43809000,
        "investmentincomeinterest": 18792000,
        "interestexpense": 688000,
        "fairvalueadjustmentofwarrants": 12716000,
        "othernonoperatingincomeexpense": 929000,
        "incomelossfromcontinuingoperationsbeforeincometaxesminorityinterestandincomelossfromequitymethodinvestments": -37492000,
        "incometaxexpensebenefit": 6860000,
        "incomelossfromequitymethodinvestments": -269000,
        "netincomeloss": -44621000,
        "earningspersharebasic": -0.08000000000000007,
        "earningspersharediluted": -0.08000000000000007
    },
    {
        "date": "2023-09-29",
        "symbol": "DKNG",
        "period": "Q3",
        "revenuefromcontractwithcustomerincludingassessedtax": 789957000,
        "costofrevenue": 543454000,
        "sellingandmarketingexpense": 313323000,
        "productandtechnology": 89005000,
        "generalandadministrativeexpense": 130761000,
        "operatingincomeloss": -286586000,
        "investmentincomeinterest": 14420000,
        "interestexpense": 670000,
        "fairvalueadjustmentofwarrants": 7751000,
        "othernonoperatingincomeexpense": -1217000,
        "incomelossfromcontinuingoperationsbeforeincometaxesminorityinterestandincomelossfromequitymethodinvestments": -281804000,
        "incometaxexpensebenefit": 1291000,
        "incomelossfromequitymethodinvestments": -8000,
        "netincomeloss": -283103000,
        "earningspersharebasic": -0.61,
        "earningspersharediluted": -0.61
    },
    {
        "date": "2023-06-29",
        "symbol": "DKNG",
        "period": "Q2",
        "revenuefromcontractwithcustomerincludingassessedtax": 874927000,
        "costofrevenue": 510323000,
        "sellingandmarketingexpense": 207487000,
        "productandtechnology": 89906000,
        "generalandadministrativeexpense": 136256000,
        "operatingincomeloss": -69045000,
        "investmentincomeinterest": 13411000,
        "interestexpense": 666000,
        "fairvalueadjustmentofwarrants": 20041000,
        "othernonoperatingincomeexpense": 45000,
        "incomelossfromcontinuingoperationsbeforeincometaxesminorityinterestandincomelossfromequitymethodinvestments": -76296000,
        "incometaxexpensebenefit": 651000,
        "incomelossfromequitymethodinvestments": -323000,
        "netincomeloss": -77270000,
        "earningspersharebasic": -0.17,
        "earningspersharediluted": -0.17
    },
    {
        "date": "2023-03-30",
        "symbol": "DKNG",
        "period": "Q1",
        "revenuefromcontractwithcustomerincludingassessedtax": 769652000,
        "costofrevenue": 521740000,
        "sellingandmarketingexpense": 389133000,
        "productandtechnology": 88088000,
        "generalandadministrativeexpense": 160476000,
        "operatingincomeloss": -389785000,
        "investmentincomeinterest": 11795000,
        "interestexpense": 655000,
        "fairvalueadjustmentofwarrants": 17035000,
        "othernonoperatingincomeexpense": 19000,
        "incomelossfromcontinuingoperationsbeforeincometaxesminorityinterestandincomelossfromequitymethodinvestments": -395661000,
        "incometaxexpensebenefit": 1368000,
        "incomelossfromequitymethodinvestments": -119000,
        "netincomeloss": -397148000,
        "earningspersharebasic": -0.87,
        "earningspersharediluted": -0.87
    },
    {
        "date": "2022-12-30",
        "symbol": "DKNG",
        "period": "Q4",
        "revenuefromcontractwithcustomerincludingassessedtax": 9601000,
        "costofrevenue": 485435000,
        "sellingandmarketingexpense": 345282000,
        "productandtechnology": 83394000,
        "generalandadministrativeexpense": 173244000,
        "operatingincomeloss": -232222000,
        "interestincomeexpensenet": 10324000,
        "fairvalueadjustmentofwarrants": 49600000,
        "othernonoperatingincomeexpense": -19866000,
        "incometaxexpensebenefit": 9714000,
        "incomelossfromequitymethodinvestments": -416000,
        "netincomeloss": -242697000,
        "earningspersharebasic": -0.5200000000000002,
        "earningspersharediluted": -0.5200000000000002,
        "comprehensiveincomenetoftax": -242697000
    },
    {
        "date": "2022-09-29",
        "symbol": "DKNG",
        "period": "Q3",
        "revenuefromcontractwithcustomerincludingassessedtax": 9092000,
        "costofrevenue": 372692000,
        "sellingandmarketingexpense": 321714000,
        "productandtechnology": 76299000,
        "generalandadministrativeexpense": 186261000,
        "operatingincomeloss": -455028000,
        "interestincomeexpensenet": 6301000,
        "fairvalueadjustmentofwarrants": 6800000,
        "othernonoperatingincomeexpense": 8257000,
        "incomelossfromcontinuingoperationsbeforeincometaxesextraordinaryitemsnoncontrollinginterest": -447267000,
        "incometaxexpensebenefit": 3177000,
        "incomelossfromequitymethodinvestments": -50000,
        "netincomeloss": -450494000,
        "earningspersharebasic": -1,
        "earningspersharediluted": -1,
        "comprehensiveincomenetoftax": -450494000
    },
    {
        "date": "2022-06-29",
        "symbol": "DKNG",
        "period": "Q2",
        "revenuefromcontractwithcustomerincludingassessedtax": 11470000,
        "costofrevenue": 312767000,
        "sellingandmarketingexpense": 197529000,
        "productandtechnology": 77202000,
        "generalandadministrativeexpense": 187609000,
        "operatingincomeloss": -308922000,
        "interestincomeexpensenet": 1929000,
        "fairvalueadjustmentofwarrants": -14300000,
        "othernonoperatingincomeexpense": -5573000,
        "incomelossfromcontinuingoperationsbeforeincometaxesextraordinaryitemsnoncontrollinginterest": -298251000,
        "incometaxexpensebenefit": -81226000,
        "incomelossfromequitymethodinvestments": -78000,
        "netincomeloss": -217103000,
        "earningspersharebasic": -0.5,
        "earningspersharediluted": -0.5,
        "comprehensiveincomenetoftax": -217103000
    },
    {
        "date": "2022-03-30",
        "symbol": "DKNG",
        "period": "Q1",
        "revenuefromcontractwithcustomerincludingassessedtax": 13495000,
        "costofrevenue": 313379000,
        "sellingandmarketingexpense": 321452000,
        "productandtechnology": 81352000,
        "generalandadministrativeexpense": 216606000,
        "operatingincomeloss": -515584000,
        "interestincomeexpensenet": 148000,
        "fairvalueadjustmentofwarrants": -12700000,
        "othernonoperatingincomeexpense": 37882000,
        "incomelossfromcontinuingoperationsbeforeincometaxesextraordinaryitemsnoncontrollinginterest": -464873000,
        "incometaxexpensebenefit": 469000,
        "incomelossfromequitymethodinvestments": -2351000,
        "netincomeloss": -467693000,
        "earningspersharebasic": -1.14,
        "earningspersharediluted": -1.14,
        "comprehensiveincomenetoftax": -467693000
    },
    {
        "date": "2021-09-29",
        "symbol": "DKNG",
        "period": "Q3",
        "revenuefromcontractwithcustomerincludingassessedtax": 212819000,
        "costofrevenue": 170749000,
        "sellingandmarketingexpense": 303658000,
        "productandtechnology": 65222000,
        "generalandadministrativeexpense": 219706000,
        "operatingincomeloss": -546516000,
        "interestincomeexpensenet": -1556000,
        "fairvalueadjustmentofwarrants": -7091000,
        "incomelossfromcontinuingoperationsbeforeincometaxesextraordinaryitemsnoncontrollinginterest": -540981000,
        "incometaxexpensebenefit": 3845000,
        "incomelossfromequitymethodinvestments": -202000,
        "netincomeloss": -545028000,
        "earningspersharebasic": -1.35,
        "earningspersharediluted": -1.35,
        "othercomprehensiveincomeforeigncurrencytransactionandtranslationadjustmentnetoftaxportionattributabletoparent": -13098000,
        "comprehensiveincomenetoftax": -558126000
    },
    {
        "date": "2021-06-29",
        "symbol": "DKNG",
        "period": "Q2",
        "revenuefromcontractwithcustomerincludingassessedtax": 297605000,
        "costofrevenue": 187006000,
        "sellingandmarketingexpense": 170712000,
        "productandtechnology": 62635000,
        "generalandadministrativeexpense": 198806000,
        "operatingincomeloss": -321554000,
        "interestincomeexpensenet": 1642000,
        "fairvalueadjustmentofwarrants": -16984000,
        "incomelossfromcontinuingoperationsbeforeincometaxesextraordinaryitemsnoncontrollinginterest": -302928000,
        "incometaxexpensebenefit": 2404000,
        "incomelossfromequitymethodinvestments": -194000,
        "netincomeloss": -305526000,
        "earningspersharebasic": -0.76,
        "earningspersharediluted": -0.76,
        "othercomprehensiveincomeforeigncurrencytransactionandtranslationadjustmentnetoftaxportionattributabletoparent": 7697000,
        "comprehensiveincomenetoftax": -297829000
    }
]