[
    {
        "date": "2024-09-29",
        "symbol": "CSX",
        "period": "Q3",
        "revenuefromcontractwithcustomerexcludingassessedtax": 3619000000,
        "laborandrelatedexpense": 806000000,
        "othercostandexpenseoperating": 675000000,
        "depreciationdepletionandamortization": 416000000,
        "fuelcosts": 276000000,
        "equipmentandotherrents": 91000000,
        "gainlossonsaleofpropertyplantequipment": -1000000,
        "operatingcostsandexpenses": 2265000000,
        "operatingincomeloss": 1354000000,
        "interestexpensenonoperating": 206000000,
        "nonoperatingincomeexpense": 36000000,
        "incomelossfromcontinuingoperationsbeforeincometaxesextraordinaryitemsnoncontrollinginterest": 1184000000,
        "incometaxexpensebenefit": 290000000,
        "netincomeloss": 894000000,
        "earningspersharebasic": 0.46,
        "earningspersharediluted": 0.46,
        "weightedaveragenumberofsharesoutstandingbasic": 1936000000,
        "weightedaveragenumberofdilutedsharesoutstanding": 1940000000,
        "comprehensiveincomenetoftax": 895000000
    },
    {
        "date": "2024-06-29",
        "symbol": "CSX",
        "period": "Q2",
        "revenuefromcontractwithcustomerexcludingassessedtax": 3701000000,
        "laborandrelatedexpense": 766000000,
        "othercostandexpenseoperating": 699000000,
        "depreciationdepletionandamortization": 410000000,
        "fuelcosts": 301000000,
        "equipmentandotherrents": 85000000,
        "gainlossonsaleofpropertyplantequipment": 8000000,
        "operatingcostsandexpenses": 2253000000,
        "operatingincomeloss": 1448000000,
        "interestexpensenonoperating": 209000000,
        "nonoperatingincomeexpense": 28000000,
        "incomelossfromcontinuingoperationsbeforeincometaxesextraordinaryitemsnoncontrollinginterest": 1267000000,
        "incometaxexpensebenefit": 304000000,
        "netincomeloss": 963000000,
        "earningspersharebasic": 0.5,
        "earningspersharediluted": 0.49,
        "weightedaveragenumberofsharesoutstandingbasic": 1944000000,
        "weightedaveragenumberofdilutedsharesoutstanding": 1948000000,
        "comprehensiveincomenetoftax": 966000000
    },
    {
        "date": "2024-03-30",
        "symbol": "CSX",
        "period": "Q1",
        "revenuefromcontractwithcustomerexcludingassessedtax": 3681000000,
        "laborandrelatedexpense": 798000000,
        "othercostandexpenseoperating": 711000000,
        "depreciationdepletionandamortization": 410000000,
        "fuelcosts": 325000000,
        "equipmentandotherrents": 84000000,
        "gainlossonsaleofpropertyplantequipment": 1000000,
        "operatingcostsandexpenses": 2327000000,
        "operatingincomeloss": 1354000000,
        "interestincomeexpensenet": -210000000,
        "nonoperatingincomeexpense": 41000000,
        "incomelossfromcontinuingoperationsbeforeincometaxesextraordinaryitemsnoncontrollinginterest": 1185000000,
        "incometaxexpensebenefit": 292000000,
        "netincomeloss": 893000000,
        "earningspersharebasic": 0.46,
        "earningspersharediluted": 0.46,
        "weightedaveragenumberofsharesoutstandingbasic": 1958000000,
        "weightedaveragenumberofdilutedsharesoutstanding": 1962000000,
        "comprehensiveincomenetoftax": 899000000
    },
    {
        "date": "2023-12-30",
        "symbol": "CSX",
        "period": "Q4",
        "revenuefromcontractwithcustomerexcludingassessedtax": 3680000000,
        "laborandrelatedexpense": 808000000,
        "othercostandexpenseoperating": 703000000,
        "depreciationdepletionandamortization": 417000000,
        "fuelcosts": 352000000,
        "equipmentandotherrents": 88000000,
        "gainlossonsaleofpropertyplantequipment": 8000000,
        "operatingcostsandexpenses": 2360000000,
        "operatingincomeloss": 1320000000,
        "interestincomeexpensenet": -204000000,
        "nonoperatingincomeexpense": 33000000,
        "incomelossfromcontinuingoperationsbeforeincometaxesextraordinaryitemsnoncontrollinginterest": 1149000000,
        "incometaxexpensebenefit": 263000000,
        "netincomeloss": 886000000,
        "earningspersharebasic": 0.4600000000000002,
        "earningspersharediluted": 0.4600000000000002,
        "weightedaveragenumberofsharesoutstandingbasic": 2008000000,
        "weightedaveragenumberofdilutedsharesoutstanding": 2013000000,
        "comprehensiveincomenetoftax": 946000000
    },
    {
        "date": "2023-09-29",
        "symbol": "CSX",
        "period": "Q3",
        "revenuefromcontractwithcustomerexcludingassessedtax": 3572000000,
        "laborandrelatedexpense": 752000000,
        "othercostandexpenseoperating": 689000000,
        "depreciationdepletionandamortization": 399000000,
        "fuelcosts": 349000000,
        "equipmentandotherrents": 94000000,
        "gainlossonsaleofpropertyplantequipment": 6000000,
        "operatingcostsandexpenses": 2277000000,
        "operatingincomeloss": 1295000000,
        "interestincomeexpensenet": -203000000,
        "nonoperatingincomeexpense": 34000000,
        "incomelossfromcontinuingoperationsbeforeincometaxesextraordinaryitemsnoncontrollinginterest": 1126000000,
        "incometaxexpensebenefit": 280000000,
        "netincomeloss": 846000000,
        "earningspersharebasic": 0.42,
        "earningspersharediluted": 0.42,
        "weightedaveragenumberofsharesoutstandingbasic": 1994000000,
        "weightedaveragenumberofdilutedsharesoutstanding": 1999000000,
        "comprehensiveincomenetoftax": 864000000
    },
    {
        "date": "2023-06-29",
        "symbol": "CSX",
        "period": "Q2",
        "revenuefromcontractwithcustomerexcludingassessedtax": 3699000000,
        "laborandrelatedexpense": 741000000,
        "othercostandexpenseoperating": 684000000,
        "depreciationdepletionandamortization": 402000000,
        "fuelcosts": 312000000,
        "equipmentandotherrents": 90000000,
        "gainlossonsaleofpropertyplantequipment": 12000000,
        "operatingcostsandexpenses": 2217000000,
        "operatingincomeloss": 1482000000,
        "interestincomeexpensenet": -201000000,
        "nonoperatingincomeexpense": 31000000,
        "incomelossfromcontinuingoperationsbeforeincometaxesextraordinaryitemsnoncontrollinginterest": 1312000000,
        "incometaxexpensebenefit": 316000000,
        "netincomeloss": 996000000,
        "earningspersharebasic": 0.49,
        "earningspersharediluted": 0.49,
        "weightedaveragenumberofsharesoutstandingbasic": 2020000000,
        "weightedaveragenumberofdilutedsharesoutstanding": 2025000000,
        "comprehensiveincomenetoftax": 992000000
    },
    {
        "date": "2023-03-30",
        "symbol": "CSX",
        "period": "Q1",
        "revenuefromcontractwithcustomerexcludingassessedtax": 3706000000,
        "laborandrelatedexpense": 723000000,
        "othercostandexpenseoperating": 688000000,
        "fuelcosts": 364000000,
        "depreciationdepletionandamortization": 393000000,
        "equipmentandotherrents": 82000000,
        "gainlossonsaleofpropertyplantequipment": 8000000,
        "operatingcostsandexpenses": 2242000000,
        "operatingincomeloss": 1464000000,
        "interestincomeexpensenet": -201000000,
        "nonoperatingincomeexpense": 41000000,
        "incomelossfromcontinuingoperationsbeforeincometaxesextraordinaryitemsnoncontrollinginterest": 1304000000,
        "incometaxexpensebenefit": 317000000,
        "netincomeloss": 987000000,
        "earningspersharebasic": 0.48,
        "earningspersharediluted": 0.48,
        "weightedaveragenumberofsharesoutstandingbasic": 2054000000,
        "weightedaveragenumberofdilutedsharesoutstanding": 2058000000,
        "comprehensiveincomenetoftax": 989000000
    },
    {
        "date": "2022-12-30",
        "symbol": "CSX",
        "period": "Q4",
        "revenuefromcontractwithcustomerexcludingassessedtax": 3730000000,
        "laborandrelatedexpense": 726000000,
        "othercostandexpenseoperating": 699000000,
        "fuelcosts": 411000000,
        "depreciationdepletionandamortization": 393000000,
        "equipmentandotherrents": 97000000,
        "gainlossonsaleofpropertyplantequipment": 55000000,
        "operatingcostsandexpenses": 2271000000,
        "operatingincomeloss": 1459000000,
        "interestincomeexpensenet": -199000000,
        "nonoperatingincomeexpense": 44000000,
        "incomelossfromcontinuingoperationsbeforeincometaxesextraordinaryitemsnoncontrollinginterest": 1304000000,
        "incometaxexpensebenefit": 286000000,
        "netincomeloss": 1018000000,
        "earningspersharebasic": 0.4899999999999999,
        "earningspersharediluted": 0.4999999999999999,
        "weightedaveragenumberofsharesoutstandingbasic": -4332000000,
        "weightedaveragenumberofdilutedsharesoutstanding": -4341000000,
        "comprehensiveincomenetoftax": 950000000
    },
    {
        "date": "2022-09-29",
        "symbol": "CSX",
        "period": "Q3",
        "revenuefromcontractwithcustomerexcludingassessedtax": 3895000000,
        "laborandrelatedexpense": 759000000,
        "othercostandexpenseoperating": 664000000,
        "fuelcosts": 438000000,
        "depreciationdepletionandamortization": 378000000,
        "equipmentandotherrents": 104000000,
        "gainlossonsaleofpropertyplantequipment": 27000000,
        "operatingcostsandexpenses": 2316000000,
        "operatingincomeloss": 1579000000,
        "interestincomeexpensenet": -193000000,
        "nonoperatingincomeexpense": 37000000,
        "incomelossfromcontinuingoperationsbeforeincometaxesextraordinaryitemsnoncontrollinginterest": 1423000000,
        "incometaxexpensebenefit": 312000000,
        "netincomeloss": 1111000000,
        "earningspersharebasic": 0.52,
        "earningspersharediluted": 0.52,
        "weightedaveragenumberofsharesoutstandingbasic": 2122000000,
        "weightedaveragenumberofdilutedsharesoutstanding": 2126000000,
        "comprehensiveincomenetoftax": 1129000000
    },
    {
        "date": "2022-06-29",
        "symbol": "CSX",
        "period": "Q2",
        "revenuefromcontractwithcustomerexcludingassessedtax": 3815000000,
        "laborandrelatedexpense": 684000000,
        "othercostandexpenseoperating": 647000000,
        "fuelcosts": 446000000,
        "depreciationdepletionandamortization": 369000000,
        "equipmentandotherrents": 95000000,
        "gainlossonsaleofpropertyplantequipment": 129000000,
        "operatingcostsandexpenses": 2112000000,
        "operatingincomeloss": 1703000000,
        "interestincomeexpensenet": -171000000,
        "nonoperatingincomeexpense": 26000000,
        "incomelossfromcontinuingoperationsbeforeincometaxesextraordinaryitemsnoncontrollinginterest": 1558000000,
        "incometaxexpensebenefit": 380000000,
        "netincomeloss": 1178000000,
        "earningspersharebasic": 0.55,
        "earningspersharediluted": 0.54,
        "weightedaveragenumberofsharesoutstandingbasic": 2158000000,
        "weightedaveragenumberofdilutedsharesoutstanding": 2163000000,
        "comprehensiveincomenetoftax": 1217000000
    },
    {
        "date": "2022-03-30",
        "symbol": "CSX",
        "period": "Q1",
        "revenuefromcontractwithcustomerexcludingassessedtax": 3413000000,
        "laborandrelatedexpense": 692000000,
        "othercostandexpenseoperating": 675000000,
        "depreciationdepletionandamortization": 360000000,
        "fuelcosts": 331000000,
        "equipmentandotherrents": 100000000,
        "gainlossonsaleofpropertyplantequipment": 27000000,
        "operatingcostsandexpenses": 2131000000,
        "operatingincomeloss": 1282000000,
        "interestincomeexpensenet": -179000000,
        "nonoperatingincomeexpense": 26000000,
        "incomelossfromcontinuingoperationsbeforeincometaxesextraordinaryitemsnoncontrollinginterest": 1129000000,
        "incometaxexpensebenefit": 270000000,
        "netincomeloss": 859000000,
        "earningspersharebasic": 0.39,
        "earningspersharediluted": 0.39,
        "weightedaveragenumberofsharesoutstandingbasic": 2188000000,
        "weightedaveragenumberofdilutedsharesoutstanding": 2193000000,
        "comprehensiveincomenetoftax": 890000000
    },
    {
        "date": "2021-12-30",
        "symbol": "CSX",
        "period": "Q4",
        "revenuefromcontractwithcustomerexcludingassessedtax": 3427000000,
        "laborandrelatedexpense": 703000000,
        "othercostandexpenseoperating": 648000000,
        "depreciation": 360000000,
        "fuelcosts": 282000000,
        "equipmentandotherrents": 95000000,
        "operatingcostsandexpenses": 2061000000,
        "operatingincomeloss": 1366000000,
        "interestincomeexpensenet": -180000000,
        "nonoperatingincomeexpense": 19000000,
        "incomelossfromcontinuingoperationsbeforeincometaxesextraordinaryitemsnoncontrollinginterest": 1205000000,
        "incometaxexpensebenefit": 271000000,
        "netincomeloss": 934000000,
        "earningspersharebasic": -0.20000000000000007,
        "earningspersharediluted": -0.20000000000000007,
        "weightedaveragenumberofsharesoutstandingbasic": -3018000000,
        "weightedaveragenumberofdilutedsharesoutstanding": -3024000000,
        "comprehensiveincomenetoftax": 1060000000
    },
    {
        "date": "2021-09-29",
        "symbol": "CSX",
        "period": "Q3",
        "revenuefromcontractwithcustomerexcludingassessedtax": 3292000000,
        "laborandrelatedexpense": 631000000,
        "othercostandexpenseoperating": 577000000,
        "depreciation": 367000000,
        "fuelcosts": 247000000,
        "equipmentandotherrents": 94000000,
        "gainlossonsaleofpropertyplantequipment": 60000000,
        "operatingcostsandexpenses": 1856000000,
        "operatingincomeloss": 1436000000,
        "interestincomeexpensenet": -177000000,
        "nonoperatingincomeexpense": 20000000,
        "incomelossfromcontinuingoperationsbeforeincometaxesextraordinaryitemsnoncontrollinginterest": 1279000000,
        "incometaxexpensebenefit": 311000000,
        "netincomeloss": 968000000,
        "earningspersharebasic": 0.43,
        "earningspersharediluted": 0.43,
        "weightedaveragenumberofsharesoutstandingbasic": 2237000000,
        "weightedaveragenumberofdilutedsharesoutstanding": 2242000000,
        "comprehensiveincomenetoftax": 985000000
    },
    {
        "date": "2021-06-29",
        "symbol": "CSX",
        "period": "Q2",
        "revenuefromcontractwithcustomerexcludingassessedtax": 2990000000,
        "laborandrelatedexpense": 596000000,
        "othercostandexpenseoperating": 441000000,
        "depreciation": 348000000,
        "fuelcosts": 194000000,
        "equipmentandotherrents": 87000000,
        "gainlossonsaleofpropertyplantequipment": 367000000,
        "operatingcostsandexpenses": 1299000000,
        "operatingincomeloss": 1691000000,
        "interestincomeexpensenet": -181000000,
        "nonoperatingincomeexpense": 20000000,
        "incomelossfromcontinuingoperationsbeforeincometaxesextraordinaryitemsnoncontrollinginterest": 1530000000,
        "incometaxexpensebenefit": 357000000,
        "netincomeloss": 1173000000,
        "earningspersharebasic": 0.52,
        "earningspersharediluted": 0.52,
        "weightedaveragenumberofsharesoutstandingbasic": 2270000000,
        "weightedaveragenumberofdilutedsharesoutstanding": 2275000000,
        "comprehensiveincomenetoftax": 1152000000
    },
    {
        "date": "2021-03-30",
        "symbol": "CSX",
        "period": "Q1",
        "revenuefromcontractwithcustomerexcludingassessedtax": 2813000000,
        "laborandrelatedexpense": 620000000,
        "othercostandexpenseoperating": 469000000,
        "depreciation": 345000000,
        "fuelcosts": 190000000,
        "equipmentandotherrents": 88000000,
        "operatingcostsandexpenses": 1712000000,
        "operatingincomeloss": 1101000000,
        "interestincomeexpensenet": -184000000,
        "nonoperatingincomeexpense": 20000000,
        "incomelossfromcontinuingoperationsbeforeincometaxesextraordinaryitemsnoncontrollinginterest": 937000000,
        "incometaxexpensebenefit": 231000000,
        "netincomeloss": 706000000,
        "earningspersharebasic": 0.93,
        "earningspersharediluted": 0.93,
        "weightedaveragenumberofsharesoutstandingbasic": 761000000,
        "weightedaveragenumberofdilutedsharesoutstanding": 762000000,
        "comprehensiveincomenetoftax": 774000000
    },
    {
        "date": "2020-12-30",
        "symbol": "CSX",
        "period": "Q4",
        "revenuefromcontractwithcustomerexcludingassessedtax": 2825000000,
        "laborandrelatedexpense": 588000000,
        "othercostandexpenseoperating": 445000000,
        "depreciation": 347000000,
        "fuelcosts": 139000000,
        "equipmentandotherrents": 91000000,
        "operatingcostsandexpenses": 1610000000,
        "operatingincomeloss": 1215000000,
        "interestincomeexpensenet": -189000000,
        "nonoperatingincomeexpense": -32000000,
        "incomelossfromcontinuingoperationsbeforeincometaxesextraordinaryitemsnoncontrollinginterest": 994000000,
        "incometaxexpensebenefit": 234000000,
        "netincomeloss": 760000000,
        "earningspersharebasic": 1,
        "earningspersharediluted": 0.9900000000000002,
        "weightedaveragenumberofsharesoutstandingbasic": -1537000000,
        "weightedaveragenumberofdilutedsharesoutstanding": -1539000000,
        "comprehensiveincomenetoftax": 780000000
    },
    {
        "date": "2020-09-29",
        "symbol": "CSX",
        "period": "Q3",
        "revenuefromcontractwithcustomerexcludingassessedtax": 2648000000,
        "laborandrelatedexpense": 574000000,
        "othercostandexpenseoperating": 378000000,
        "depreciation": 348000000,
        "fuelcosts": 119000000,
        "equipmentandotherrents": 88000000,
        "operatingcostsandexpenses": 1507000000,
        "operatingincomeloss": 1141000000,
        "interestincomeexpensenet": -187000000,
        "nonoperatingincomeexpense": 14000000,
        "incomelossfromcontinuingoperationsbeforeincometaxesextraordinaryitemsnoncontrollinginterest": 968000000,
        "incometaxexpensebenefit": 232000000,
        "netincomeloss": 736000000,
        "earningspersharebasic": 0.96,
        "earningspersharediluted": 0.96,
        "weightedaveragenumberofsharesoutstandingbasic": 765000000,
        "weightedaveragenumberofdilutedsharesoutstanding": 767000000,
        "comprehensiveincomenetoftax": 770000000
    },
    {
        "date": "2020-06-29",
        "symbol": "CSX",
        "period": "Q2",
        "revenuefromcontractwithcustomerexcludingassessedtax": 2255000000,
        "laborandrelatedexpense": 507000000,
        "othercostandexpenseoperating": 407000000,
        "depreciation": 344000000,
        "fuelcosts": 91000000,
        "equipmentandotherrents": 78000000,
        "operatingcostsandexpenses": 1427000000,
        "operatingincomeloss": 828000000,
        "interestincomeexpensenet": -191000000,
        "nonoperatingincomeexpense": 15000000,
        "incomelossfromcontinuingoperationsbeforeincometaxesextraordinaryitemsnoncontrollinginterest": 652000000,
        "incometaxexpensebenefit": 153000000,
        "netincomeloss": 499000000,
        "earningspersharebasic": 0.65,
        "earningspersharediluted": 0.65,
        "weightedaveragenumberofsharesoutstandingbasic": 766000000,
        "weightedaveragenumberofdilutedsharesoutstanding": 767000000,
        "comprehensiveincomenetoftax": 519000000
    },
    {
        "date": "2020-03-30",
        "symbol": "CSX",
        "period": "Q1",
        "comprehensiveincomenetoftax": 773000000,
        "revenuefromcontractwithcustomerexcludingassessedtax": 2855000000,
        "laborandrelatedexpense": 606000000,
        "othercostandexpenseoperating": 454000000,
        "depreciation": 344000000,
        "fuelcosts": 192000000,
        "equipmentandotherrents": 81000000,
        "operatingcostsandexpenses": 1677000000,
        "operatingincomeloss": 1178000000,
        "interestincomeexpensenet": -187000000,
        "nonoperatingincomeexpense": 22000000,
        "incomelossfromcontinuingoperationsbeforeincometaxesextraordinaryitemsnoncontrollinginterest": 1013000000,
        "incometaxexpensebenefit": 243000000,
        "netincomeloss": 770000000,
        "earningspersharebasic": 1,
        "earningspersharediluted": 1,
        "weightedaveragenumberofsharesoutstandingbasic": 772000000,
        "weightedaveragenumberofdilutedsharesoutstanding": 773000000
    },
    {
        "date": "2019-12-30",
        "symbol": "CSX",
        "period": "Q4",
        "netincomeloss": 771000000,
        "comprehensiveincomenetoftax": 744000000,
        "revenuefromcontractwithcustomerexcludingassessedtax": 2885000000,
        "laborandrelatedexpense": 658000000,
        "othercostandexpenseoperating": 436000000,
        "depreciation": 344000000,
        "fuelcosts": 216000000,
        "equipmentandotherrents": 101000000,
        "incomelossfromequitymethodinvestments": 24000000,
        "operatingincomeloss": 1154000000,
        "nonoperatingincomeexpense": 16000000,
        "incomelossfromcontinuingoperationsbeforeincometaxesextraordinaryitemsnoncontrollinginterest": 981000000,
        "incometaxexpensebenefit": 210000000,
        "earningspersharebasic": 0.9999999999999996,
        "earningspersharediluted": 0.9899999999999998,
        "weightedaveragenumberofsharesoutstandingbasic": -1613000000,
        "weightedaveragenumberofdilutedsharesoutstanding": -1618000000
    },
    {
        "date": "2019-09-29",
        "symbol": "CSX",
        "period": "Q3",
        "comprehensiveincomenetoftax": 863000000,
        "revenuefromcontractwithcustomerexcludingassessedtax": 2978000000,
        "laborandrelatedexpense": 638000000,
        "othercostandexpenseoperating": 415000000,
        "depreciation": 338000000,
        "fuelcosts": 223000000,
        "equipmentandotherrents": 104000000,
        "incomelossfromequitymethodinvestments": 27000000,
        "operatingexpenses": 1691000000,
        "operatingincomeloss": 1287000000,
        "interestincomeexpensenonoperatingnet": -186000000,
        "nonoperatingincomeexpense": 24000000,
        "incomelossfromcontinuingoperationsbeforeincometaxesextraordinaryitemsnoncontrollinginterest": 1125000000,
        "incometaxexpensebenefit": 269000000,
        "netincomeloss": 856000000,
        "earningspersharebasic": 1.08,
        "earningspersharediluted": 1.08,
        "weightedaveragenumberofsharesoutstandingbasic": 790000000,
        "weightedaveragenumberofdilutedsharesoutstanding": 792000000
    },
    {
        "date": "2019-06-29",
        "symbol": "CSX",
        "period": "Q2",
        "comprehensiveincomenetoftax": 874000000,
        "revenuefromcontractwithcustomerexcludingassessedtax": 3061000000,
        "laborandrelatedexpense": 648000000,
        "othercostandexpenseoperating": 455000000,
        "depreciation": 337000000,
        "fuelcosts": 234000000,
        "equipmentandotherrents": 103000000,
        "incomelossfromequitymethodinvestments": 21000000,
        "operatingexpenses": 1756000000,
        "operatingincomeloss": 1305000000,
        "interestincomeexpensenonoperatingnet": -184000000,
        "nonoperatingincomeexpense": 25000000,
        "incomelossfromcontinuingoperationsbeforeincometaxesextraordinaryitemsnoncontrollinginterest": 1146000000,
        "incometaxexpensebenefit": 276000000,
        "netincomeloss": 870000000,
        "earningspersharebasic": 1.08,
        "earningspersharediluted": 1.08,
        "weightedaveragenumberofsharesoutstandingbasic": 805000000,
        "weightedaveragenumberofdilutedsharesoutstanding": 807000000
    },
    {
        "date": "2019-03-30",
        "symbol": "CSX",
        "period": "Q1",
        "comprehensiveincomenetoftax": 836000000,
        "revenuefromcontractwithcustomerexcludingassessedtax": 3013000000,
        "laborandrelatedexpense": 672000000,
        "othercostandexpenseoperating": 478000000,
        "depreciation": 330000000,
        "fuelcosts": 233000000,
        "equipmentandotherrents": 100000000,
        "incomelossfromequitymethodinvestments": 19000000,
        "operatingexpenses": 1794000000,
        "operatingincomeloss": 1219000000,
        "interestincomeexpensenonoperatingnet": -178000000,
        "nonoperatingincomeexpense": 23000000,
        "incomelossfromcontinuingoperationsbeforeincometaxesextraordinaryitemsnoncontrollinginterest": 1064000000,
        "incometaxexpensebenefit": 230000000,
        "netincomeloss": 834000000,
        "earningspersharebasic": 1.02,
        "earningspersharediluted": 1.02,
        "weightedaveragenumberofsharesoutstandingbasic": 814000000,
        "weightedaveragenumberofdilutedsharesoutstanding": 817000000
    },
    {
        "date": "2018-09-29",
        "symbol": "CSX",
        "period": "Q3",
        "comprehensiveincomenetoftax": -903000000,
        "revenuefromcontractwithcustomerexcludingassessedtax": 1890000000,
        "laborandrelatedexpense": 695000000,
        "othercostandexpenseoperating": 474000000,
        "depreciation": 334000000,
        "fuelcosts": 268000000,
        "equipmentandotherrents": 89000000,
        "incomelossfromequitymethodinvestments": 24000000,
        "operatingexpenses": -30000000,
        "operatingincomeloss": 49000000,
        "interestincomeexpensenonoperatingnet": 39000000,
        "nonoperatingincomeexpense": 19000000,
        "incomelossfromcontinuingoperationsbeforeincometaxesextraordinaryitemsnoncontrollinginterest": -887000000,
        "incometaxexpensebenefit": 17000000,
        "netincomeloss": -904000000,
        "earningspersharebasic": 1.05,
        "earningspersharediluted": 1.05,
        "weightedaveragenumberofsharesoutstandingbasic": 850000000,
        "weightedaveragenumberofdilutedsharesoutstanding": 854000000,
        "commonstockdividendspersharecashpaid": 0.22
    },
    {
        "date": "2018-06-29",
        "symbol": "CSX",
        "period": "Q2",
        "comprehensiveincomenetoftax": -881000000,
        "revenues": 19000000,
        "laborandrelatedexpense": 669000000,
        "othercostandexpenseoperating": 469000000,
        "depreciation": 329000000,
        "fuelcosts": 270000000,
        "equipmentandotherrents": 112000000,
        "incomelossfromequitymethodinvestments": 30000000,
        "operatingexpenses": -45000000,
        "operatingincomeloss": 64000000,
        "interestincomeexpensenonoperatingnet": 32000000,
        "nonoperatingincomeexpense": 18000000,
        "incomelossfromcontinuingoperationsbeforeincometaxesextraordinaryitemsnoncontrollinginterest": -863000000,
        "incometaxexpensebenefit": 19000000,
        "netincomeloss": -882000000,
        "earningspersharebasic": 1.02,
        "earningspersharediluted": 1.01,
        "weightedaveragenumberofsharesoutstandingbasic": 864000000,
        "weightedaveragenumberofdilutedsharesoutstanding": 868000000,
        "commonstockdividendspersharecashpaid": 0.22
    },
    {
        "date": "2018-03-30",
        "symbol": "CSX",
        "period": "Q1",
        "comprehensiveincomenetoftax": 596000000,
        "salesrevenuenet": 2876000000,
        "laborandrelatedexpense": 696000000,
        "othercostandexpenseoperating": 482000000,
        "depreciation": 323000000,
        "fuelcosts": 255000000,
        "equipmentandotherrents": 101000000,
        "incomelossfromequitymethodinvestments": 25000000,
        "operatingexpenses": 1832000000,
        "operatingincomeloss": 1044000000,
        "interestexpense": 149000000,
        "nonoperatingincomeexpense": 17000000,
        "incomelossfromcontinuingoperationsbeforeincometaxesextraordinaryitemsnoncontrollinginterest": 912000000,
        "incometaxexpensebenefit": 217000000,
        "netincomeloss": 695000000,
        "earningspersharebasic": 0.78,
        "earningspersharediluted": 0.78,
        "weightedaveragenumberofsharesoutstandingbasic": 885000000,
        "weightedaveragenumberofdilutedsharesoutstanding": 888000000,
        "commonstockdividendspersharecashpaid": 0.22
    },
    {
        "date": "2017-09-29",
        "symbol": "CSX",
        "period": "Q3",
        "comprehensiveincomenetoftax": 433000000,
        "salesrevenuenet": 2725000000,
        "laborandrelatedexpense": 717000000,
        "othercostandexpenseoperating": 516000000,
        "depreciation": 331000000,
        "fuelcosts": 205000000,
        "equipmentandotherrents": 97000000,
        "restructuringcharges": 1000000,
        "operatingexpenses": 1867000000,
        "operatingincomeloss": 700000000,
        "interestexpense": 3000000,
        "nonoperatingincomeexpense": 13000000,
        "incomelossfromcontinuingoperationsbeforeincometaxesextraordinaryitemsnoncontrollinginterest": 710000000,
        "incometaxexpensebenefit": 277000000,
        "netincomeloss": 433000000,
        "earningspersharebasic": 0.51,
        "earningspersharediluted": 0.51,
        "weightedaveragenumberofsharesoutstandingbasic": 902000000,
        "weightedaveragenumberofdilutedsharesoutstanding": 906000000,
        "commonstockdividendspersharecashpaid": 0.2
    },
    {
        "date": "2017-06-29",
        "symbol": "CSX",
        "period": "Q2",
        "comprehensiveincomenetoftax": 558000000,
        "salesrevenuenet": 2914000000,
        "laborandrelatedexpense": 743000000,
        "othercostandexpenseoperating": 490000000,
        "fuelcosts": 198000000,
        "depreciation": 327000000,
        "equipmentandotherrents": 95000000,
        "restructuringcharges": 122000000,
        "operatingexpenses": 1975000000,
        "operatingincomeloss": 889000000,
        "interestexpense": 8000000,
        "nonoperatingincomeexpense": 8000000,
        "incomelossfromcontinuingoperationsbeforeincometaxesextraordinaryitemsnoncontrollinginterest": 889000000,
        "incometaxexpensebenefit": 332000000,
        "netincomeloss": 557000000,
        "earningspersharebasic": 0.55,
        "earningspersharediluted": 0.55,
        "weightedaveragenumberofsharesoutstandingbasic": 920000000,
        "weightedaveragenumberofdilutedsharesoutstanding": 924000000,
        "commonstockdividendspersharecashpaid": 0.2
    },
    {
        "date": "2017-03-30",
        "symbol": "CSX",
        "period": "Q1",
        "comprehensiveincomenetoftax": 387000000,
        "salesrevenuenet": 2851000000,
        "laborandrelatedexpense": 789000000,
        "othercostandexpenseoperating": 567000000,
        "fuelcosts": 218000000,
        "depreciation": 320000000,
        "equipmentandotherrents": 90000000,
        "restructuringcharges": 173000000,
        "operatingexpenses": 2157000000,
        "operatingincomeloss": 623000000,
        "interestexpense": 10000000,
        "nonoperatingincomeexpense": 11000000,
        "incomelossfromcontinuingoperationsbeforeincometaxesextraordinaryitemsnoncontrollinginterest": 624000000,
        "incometaxexpensebenefit": 235000000,
        "netincomeloss": 389000000,
        "earningspersharebasic": 0.39,
        "earningspersharediluted": 0.39,
        "weightedaveragenumberofsharesoutstandingbasic": 927000000,
        "weightedaveragenumberofdilutedsharesoutstanding": 929000000,
        "commonstockdividendspersharecashpaid": 0.18
    },
    {
        "date": "2016-09-22",
        "symbol": "CSX",
        "period": "Q3",
        "comprehensiveincomenetoftax": 467000000,
        "salesrevenuenet": 2691000000,
        "laborandrelatedexpense": 762000000,
        "othercostandexpenseoperating": 507000000,
        "fuelcosts": 174000000,
        "depreciation": 321000000,
        "equipmentandotherrents": 105000000,
        "operatingexpenses": 1869000000,
        "operatingincomeloss": 731000000,
        "interestexpense": 7000000,
        "nonoperatingincomeexpense": 9000000,
        "incomelossfromcontinuingoperationsbeforeincometaxesextraordinaryitemsnoncontrollinginterest": 734000000,
        "incometaxexpensebenefit": 268000000,
        "netincomeloss": 466000000,
        "earningspersharebasic": 0.48,
        "earningspersharediluted": 0.48,
        "weightedaveragenumberofsharesoutstandingbasic": 942000000,
        "weightedaveragenumberofdilutedsharesoutstanding": 943000000,
        "commonstockdividendspersharecashpaid": 0.18
    },
    {
        "date": "2016-06-23",
        "symbol": "CSX",
        "period": "Q2",
        "comprehensiveincomenetoftax": 454000000,
        "salesrevenuenet": 2685000000,
        "laborandrelatedexpense": 749000000,
        "othercostandexpenseoperating": 519000000,
        "fuelcosts": 172000000,
        "depreciation": 319000000,
        "equipmentandotherrents": 105000000,
        "operatingexpenses": 1864000000,
        "operatingincomeloss": 724000000,
        "interestexpense": 10000000,
        "nonoperatingincomeexpense": 8000000,
        "incomelossfromcontinuingoperationsbeforeincometaxesextraordinaryitemsnoncontrollinginterest": 722000000,
        "incometaxexpensebenefit": 269000000,
        "netincomeloss": 453000000,
        "earningspersharebasic": 0.47,
        "earningspersharediluted": 0.47,
        "weightedaveragenumberofsharesoutstandingbasic": 952000000,
        "weightedaveragenumberofdilutedsharesoutstanding": 952000000,
        "commonstockdividendspersharecashpaid": 0.18
    },
    {
        "date": "2016-03-24",
        "symbol": "CSX",
        "period": "Q1",
        "comprehensiveincomenetoftax": 363000000,
        "salesrevenuenet": 2618000000,
        "laborandrelatedexpense": 796000000,
        "othercostandexpenseoperating": 550000000,
        "fuelcosts": 150000000,
        "depreciation": 313000000,
        "equipmentandotherrents": 105000000,
        "operatingexpenses": 1914000000,
        "operatingincomeloss": 704000000,
        "interestexpense": 143000000,
        "nonoperatingincomeexpense": 7000000,
        "incomelossfromcontinuingoperationsbeforeincometaxesextraordinaryitemsnoncontrollinginterest": 568000000,
        "incometaxexpensebenefit": 212000000,
        "netincomeloss": 356000000,
        "earningspersharebasic": 0.37,
        "earningspersharediluted": 0.37,
        "weightedaveragenumberofsharesoutstandingbasic": 962000000,
        "weightedaveragenumberofdilutedsharesoutstanding": 963000000,
        "commonstockdividendspersharecashpaid": 0.18
    },
    {
        "date": "2015-09-24",
        "symbol": "CSX",
        "period": "Q3",
        "comprehensiveincomenetoftax": 462000000,
        "salesrevenuenet": 2920000000,
        "laborandrelatedexpense": 787000000,
        "othercostandexpenseoperating": 580000000,
        "fuelcosts": 223000000,
        "depreciation": 302000000,
        "equipmentandotherrents": 114000000,
        "operatingexpenses": 2182000000,
        "operatingincomeloss": 738000000,
        "interestexpense": 8000000,
        "nonoperatingincomeexpense": 5000000,
        "incomelossfromcontinuingoperationsbeforeincometaxesextraordinaryitemsnoncontrollinginterest": 735000000,
        "incometaxexpensebenefit": 273000000,
        "netincomeloss": 462000000,
        "earningspersharebasic": 0.52,
        "earningspersharediluted": 0.52,
        "weightedaveragenumberofsharesoutstandingbasic": 981000000,
        "weightedaveragenumberofdilutedsharesoutstanding": 982000000,
        "commonstockdividendspersharedeclared": 0.18
    },
    {
        "date": "2015-06-25",
        "symbol": "CSX",
        "period": "Q2",
        "comprehensiveincomenetoftax": 499000000,
        "salesrevenuenet": 3045000000,
        "laborandrelatedexpense": 825000000,
        "operatingcostsandexpenses": 559000000,
        "fuelcosts": 263000000,
        "depreciation": 299000000,
        "equipmentandotherrents": 101000000,
        "costsandexpenses": 2239000000,
        "operatingincomeloss": 806000000,
        "interestexpense": 9000000,
        "othernonoperatingincomeexpense": 7000000,
        "incomelossfromcontinuingoperationsbeforeincometaxesextraordinaryitemsnoncontrollinginterest": 804000000,
        "incometaxexpensebenefit": 305000000,
        "netincomeloss": 499000000,
        "earningspersharebasic": 0.56,
        "earningspersharediluted": 0.56,
        "weightedaveragenumberofsharesoutstandingbasic": 988000000,
        "weightedaveragenumberofdilutedsharesoutstanding": 989000000,
        "commonstockdividendspersharedeclared": 0.18
    },
    {
        "date": "2015-03-26",
        "symbol": "CSX",
        "period": "Q1",
        "comprehensiveincomenetoftax": 440000000,
        "salesrevenuenet": 3027000000,
        "laborandrelatedexpense": 879000000,
        "operatingcostsandexpenses": 627000000,
        "fuelcosts": 270000000,
        "depreciation": 295000000,
        "equipmentandotherrents": 113000000,
        "costsandexpenses": 2184000000,
        "operatingincomeloss": 843000000,
        "interestexpense": 134000000,
        "othernonoperatingincomeexpense": 2000000,
        "incomelossfromcontinuingoperationsbeforeincometaxesextraordinaryitemsnoncontrollinginterest": 711000000,
        "incometaxexpensebenefit": 269000000,
        "netincomeloss": 442000000,
        "earningspersharebasic": 0.45,
        "earningspersharediluted": 0.45,
        "weightedaveragenumberofsharesoutstandingbasic": 991000000,
        "weightedaveragenumberofdilutedsharesoutstanding": 992000000,
        "commonstockdividendspersharedeclared": 0.16
    },
    {
        "date": "2014-09-25",
        "symbol": "CSX",
        "period": "Q3",
        "comprehensiveincomenetoftax": -507000000,
        "salesrevenuenet": 19000000,
        "laborandrelatedexpense": 845000000,
        "operatingcostsandexpenses": 610000000,
        "fuelcosts": 393000000,
        "depreciation": 291000000,
        "equipmentandotherrents": 106000000,
        "costsandexpenses": -10000000,
        "operatingincomeloss": 834000000,
        "interestexpense": 11000000,
        "othernonoperatingincomeexpense": -5000000,
        "incomelossfromcontinuingoperationsbeforeincometaxesextraordinaryitemsnoncontrollinginterest": 495000000,
        "incometaxexpensebenefit": 309000000,
        "netincomeloss": 509000000,
        "earningspersharebasic": 0.51,
        "earningspersharediluted": 0.51,
        "weightedaveragenumberofsharesoutstandingbasic": 999000000,
        "weightedaveragenumberofdilutedsharesoutstanding": 999000000,
        "commonstockdividendspersharecashpaid": 0.16
    },
    {
        "date": "2014-06-26",
        "symbol": "CSX",
        "period": "Q2",
        "comprehensiveincomenetoftax": -522000000,
        "salesrevenuenet": 21000000,
        "laborandrelatedexpense": 809000000,
        "operatingcostsandexpenses": 621000000,
        "fuelcosts": 416000000,
        "depreciation": 287000000,
        "equipmentandotherrents": 114000000,
        "costsandexpenses": -8000000,
        "operatingincomeloss": 863000000,
        "interestexpense": 14000000,
        "othernonoperatingincomeexpense": 1000000,
        "incomelossfromcontinuingoperationsbeforeincometaxesextraordinaryitemsnoncontrollinginterest": 521000000,
        "incometaxexpensebenefit": 318000000,
        "netincomeloss": 529000000,
        "earningspersharebasic": 0.53,
        "earningspersharediluted": 0.53,
        "weightedaveragenumberofsharesoutstandingbasic": 1003000000,
        "weightedaveragenumberofdilutedsharesoutstanding": 1003000000,
        "commonstockdividendspersharecashpaid": 0.16
    },
    {
        "date": "2014-03-27",
        "symbol": "CSX",
        "period": "Q1",
        "comprehensiveincomenetoftax": -393000000,
        "salesrevenuenet": 20000000,
        "laborandrelatedexpense": 814000000,
        "operatingcostsandexpenses": 629000000,
        "fuelcosts": 446000000,
        "depreciation": 283000000,
        "equipmentandotherrents": 101000000,
        "costsandexpenses": 2393000000,
        "operatingincomeloss": 599000000,
        "interestexpense": 14000000,
        "othernonoperatingincomeexpense": -2000000,
        "incomelossfromcontinuingoperationsbeforeincometaxesextraordinaryitemsnoncontrollinginterest": 387000000,
        "incometaxexpensebenefit": 204000000,
        "netincomeloss": 398000000,
        "earningspersharebasic": 0.4,
        "earningspersharediluted": 0.4,
        "weightedaveragenumberofsharesoutstandingbasic": 1008000000,
        "weightedaveragenumberofdilutedsharesoutstanding": 1008000000,
        "commonstockdividendspersharecashpaid": 0.15
    },
    {
        "date": "2013-09-26",
        "symbol": "CSX",
        "period": "Q3",
        "comprehensiveincomenetoftax": -461000000,
        "salesrevenuenet": 20000000,
        "laborandrelatedexpense": 791000000,
        "operatingcostsandexpenses": 576000000,
        "fuelcosts": 407000000,
        "depreciation": 277000000,
        "equipmentandotherrents": 94000000,
        "costsandexpenses": 2247000000,
        "operatingincomeloss": 732000000,
        "interestexpense": 15000000,
        "othernonoperatingincomeexpense": -2000000,
        "incomelossfromcontinuingoperationsbeforeincometaxesextraordinaryitemsnoncontrollinginterest": 462000000,
        "incometaxexpensebenefit": 260000000,
        "netincomeloss": 463000000,
        "earningspersharebasic": 0.46,
        "earningspersharediluted": 0.46,
        "weightedaveragenumberofsharesoutstandingbasic": 1017000000,
        "weightedaveragenumberofdilutedsharesoutstanding": 1018000000,
        "commonstockdividendspersharecashpaid": 0.15
    },
    {
        "date": "2013-06-27",
        "symbol": "CSX",
        "period": "Q2",
        "comprehensiveincomenetoftax": -518000000,
        "salesrevenuenet": 19000000,
        "laborandrelatedexpense": 777000000,
        "operatingcostsandexpenses": 560000000,
        "fuelcosts": 397000000,
        "depreciation": 276000000,
        "leaseandrentalexpense": 96000000,
        "costsandexpenses": 2213000000,
        "operatingincomeloss": 837000000,
        "interestexpense": 15000000,
        "othernonoperatingincomeexpense": -2000000,
        "incomelossfromcontinuingoperationsbeforeincometaxesextraordinaryitemsnoncontrollinginterest": 512000000,
        "incometaxexpensebenefit": 303000000,
        "netincomeloss": 535000000,
        "earningspersharebasic": 0.52,
        "earningspersharediluted": 0.52,
        "weightedaveragenumberofsharesoutstandingbasic": 1022000000,
        "weightedaveragenumberofdilutedsharesoutstanding": 1023000000,
        "commonstockdividendspersharecashpaid": 0.15
    },
    {
        "date": "2013-03-28",
        "symbol": "CSX",
        "period": "Q1",
        "comprehensiveincomenetoftax": -446000000,
        "salesrevenuenet": 2941000000,
        "laborandrelatedexpense": 767000000,
        "operatingcostsandexpenses": 507000000,
        "fuelcosts": 444000000,
        "depreciation": 270000000,
        "leaseandrentalexpense": 95000000,
        "costsandexpenses": 2217000000,
        "operatingincomeloss": 724000000,
        "interestexpense": 17000000,
        "othernonoperatingincomeexpense": -4000000,
        "incomelossfromcontinuingoperationsbeforeincometaxesextraordinaryitemsnoncontrollinginterest": -427000000,
        "incometaxexpensebenefit": 262000000,
        "netincomeloss": 446000000,
        "earningspersharebasic": 0.45,
        "earningspersharediluted": 0.45,
        "weightedaveragenumberofsharesoutstandingbasic": 1022000000,
        "weightedaveragenumberofdilutedsharesoutstanding": 1023000000,
        "commonstockdividendspersharecashpaid": 0.14
    },
    {
        "date": "2012-09-27",
        "symbol": "CSX",
        "period": "Q3",
        "comprehensiveincomenetoftax": 437000000,
        "salesrevenuenet": 2878000000,
        "laborandrelatedexpense": 754000000,
        "operatingcostsandexpenses": 525000000,
        "fuelcosts": 397000000,
        "depreciation": 268000000,
        "leaseandrentalexpense": 96000000,
        "costsandexpenses": -36000000,
        "operatingincomeloss": 52000000,
        "interestexpense": 17000000,
        "othernonoperatingincomeexpense": -1000000,
        "incomelossfromcontinuingoperationsbeforeincometaxesextraordinaryitemsnoncontrollinginterest": 441000000,
        "incometaxexpensebenefit": -14000000,
        "netincomeloss": 455000000,
        "earningspersharebasic": 0.44,
        "earningspersharediluted": 0.44,
        "weightedaveragenumberofsharesoutstandingbasic": 1038000000,
        "weightedaveragenumberofdilutedsharesoutstanding": 1040000000,
        "commonstockdividendspersharecashpaid": 0.14
    },
    {
        "date": "2012-06-28",
        "symbol": "CSX",
        "period": "Q2",
        "comprehensiveincomenetoftax": 518000000,
        "salesrevenuenet": 2995000000,
        "laborandrelatedexpense": 744000000,
        "operatingcostsandexpenses": 550000000,
        "fuelcosts": 410000000,
        "depreciation": 263000000,
        "leaseandrentalexpense": 102000000,
        "costsandexpenses": -34000000,
        "operatingincomeloss": 51000000,
        "interestexpense": 17000000,
        "othernonoperatingincomeexpense": -1000000,
        "incomelossfromcontinuingoperationsbeforeincometaxesextraordinaryitemsnoncontrollinginterest": 520000000,
        "incometaxexpensebenefit": 8000000,
        "netincomeloss": 512000000,
        "earningspersharebasic": 0.49,
        "earningspersharediluted": 0.49,
        "weightedaveragenumberofsharesoutstandingbasic": 1041000000,
        "weightedaveragenumberofdilutedsharesoutstanding": 1043000000,
        "commonstockdividendspersharecashpaid": 0.14
    },
    {
        "date": "2012-03-29",
        "symbol": "CSX",
        "period": "Q1",
        "comprehensiveincomenetoftax": -438000000,
        "salesrevenuenet": 16000000,
        "laborandrelatedexpense": 770000000,
        "operatingcostsandexpenses": 542000000,
        "fuelcosts": 444000000,
        "depreciation": 257000000,
        "leaseandrentalexpense": 97000000,
        "costsandexpenses": -87000000,
        "operatingincomeloss": 721000000,
        "interestexpense": 130000000,
        "othernonoperatingincomeexpense": -1000000,
        "incomelossfromcontinuingoperationsbeforeincometaxesextraordinaryitemsnoncontrollinginterest": -421000000,
        "incometaxexpensebenefit": -16000000,
        "netincomeloss": 441000000,
        "earningspersharebasic": 0.43,
        "earningspersharediluted": 0.43,
        "weightedaveragenumberofsharesoutstandingbasic": 1047000000,
        "weightedaveragenumberofdilutedsharesoutstanding": 1049000000,
        "commonstockdividendspersharecashpaid": 0.12
    },
    {
        "date": "2011-12-29",
        "symbol": "CSX",
        "period": "Q4",
        "laborandrelatedexpense": 779000000,
        "fuelcosts": 423000000,
        "depreciation": 236000000,
        "operatingincomeloss": 2788000000,
        "interestexpense": -248000000,
        "othernonoperatingincomeexpense": 12000000,
        "incometaxexpensebenefit": -230000000,
        "netincomeloss": 1375000000,
        "earningspersharebasic": -0.28,
        "earningspersharediluted": -0.28,
        "weightedaveragenumberofsharesoutstandingbasic": -1459758000,
        "weightedaveragenumberofdilutedsharesoutstanding": -1468601000,
        "commonstockdividendspersharecashpaid": -0.04999999999999999
    },
    {
        "date": "2011-09-29",
        "symbol": "CSX",
        "period": "Q3",
        "salesrevenuenet": 17000000,
        "laborandrelatedexpense": 765000000,
        "operatingcostsandexpenses": 562000000,
        "fuelcosts": 412000000,
        "depreciation": 251000000,
        "leaseandrentalexpense": 95000000,
        "costsandexpenses": -58000000,
        "operatingincomeloss": 75000000,
        "interestexpense": 123000000,
        "othernonoperatingincomeexpense": -3000000,
        "incomelossfromcontinuingoperationsbeforeincometaxesextraordinaryitemsnoncontrollinginterest": -423000000,
        "incometaxexpensebenefit": 266000000,
        "netincomeloss": 446000000,
        "earningspersharebasic": 0.43,
        "earningspersharediluted": 0.43,
        "weightedaveragenumberofsharesoutstandingbasic": 1071000000,
        "weightedaveragenumberofdilutedsharesoutstanding": 1077000000,
        "commonstockdividendspersharecashpaid": 0.12
    },
    {
        "date": "2011-06-30",
        "symbol": "CSX",
        "period": "Q2",
        "salesrevenuenet": 16000000,
        "laborandrelatedexpense": 764000000,
        "operatingcostsandexpenses": 557000000,
        "fuelcosts": 431000000,
        "depreciation": 246000000,
        "leaseandrentalexpense": 95000000,
        "costsandexpenses": -62000000,
        "operatingincomeloss": 78000000,
        "interestexpense": 121000000,
        "othernonoperatingincomeexpense": 4000000,
        "incomelossfromcontinuingoperationsbeforeincometaxesextraordinaryitemsnoncontrollinginterest": -459000000,
        "incometaxexpensebenefit": 27000000,
        "netincomeloss": 486000000,
        "earningspersharebasic": 0.46,
        "earningspersharediluted": 0.46,
        "weightedaveragenumberofsharesoutstandingbasic": 1102409000,
        "weightedaveragenumberofdilutedsharesoutstanding": 1109015000,
        "commonstockdividendspersharecashpaid": 0.12
    },
    {
        "date": "2011-03-31",
        "symbol": "CSX",
        "period": "Q1",
        "revenues": -28000000,
        "laborandrelatedexpense": 765000000,
        "materialssuppliesandother": 530000000,
        "fuelcosts": 402000000,
        "depreciation": 243000000,
        "equipmentandotherrents": 97000000,
        "operatingexpenses": -28000000,
        "operatingincomeloss": 56000000,
        "interestexpense": -23000000,
        "othernonoperatingincomeexpense": -23000000,
        "earningsfromcontinuingoperationsbeforeincometaxes": -452000000,
        "incometaxexpensebenefit": 2000000,
        "netincomeloss": -452000000,
        "earningspersharebasic": 1.07,
        "earningspersharediluted": 1.06,
        "weightedaveragenumberofsharesoutstandingbasic": 369349000,
        "weightedaveragenumberofdilutedsharesoutstanding": 371586000,
        "commonstockdividendspersharecashpaid": 0.26
    },
    {
        "date": "2010-12-30",
        "symbol": "CSX",
        "period": "Q4",
        "revenues": -2549000000,
        "laborandrelatedexpense": 776000000,
        "fuelcosts": 346000000,
        "depreciation": 256000000,
        "operatingexpenses": -1915000000,
        "operatingincomeloss": -585000000,
        "interestexpense": 249000000,
        "othernonoperatingincomeexpense": 21000000,
        "earningsfromcontinuingoperationsbeforeincometaxes": -1450000000,
        "incometaxexpensebenefit": -4000000,
        "incomelossfromcontinuingoperations": -1253000000,
        "netincomeloss": 2241000000,
        "incomelossfromcontinuingoperationsperbasicshare": 1.1499999999999997,
        "earningspersharebasic": 1.1499999999999997,
        "incomelossfromcontinuingoperationsperdilutedshare": 1.1299999999999994,
        "earningspersharediluted": 1.1299999999999994,
        "weightedaveragenumberofsharesoutstandingbasic": -380497079,
        "weightedaveragenumberofdilutedsharesoutstanding": -384098323,
        "commonstockdividendspersharecashpaid": 0.26
    },
    {
        "date": "2010-09-23",
        "symbol": "CSX",
        "period": "Q3",
        "revenues": -25000000,
        "laborandrelatedexpense": 731000000,
        "materialssuppliesandother": 509000000,
        "fuelcosts": 279000000,
        "depreciation": 232000000,
        "equipmentandotherrents": 90000000,
        "operatingexpenses": -25000000,
        "operatingincomeloss": -30000000,
        "interestexpense": -16000000,
        "othernonoperatingincomeexpense": -16000000,
        "earningsfromcontinuingoperationsbeforeincometaxes": -492000000,
        "incometaxexpensebenefit": -48000000,
        "incomelossfromcontinuingoperations": -492000000,
        "netincomeloss": -492000000,
        "incomelossfromcontinuingoperationsperbasicshare": 1.09,
        "earningspersharebasic": 1.09,
        "incomelossfromcontinuingoperationsperdilutedshare": 1.08,
        "earningspersharediluted": 1.08,
        "weightedaveragenumberofsharesoutstandingbasic": 378050000,
        "weightedaveragenumberofdilutedsharesoutstanding": 381822000,
        "commonstockdividendspersharecashpaid": 0.24
    },
    {
        "date": "2010-06-24",
        "symbol": "CSX",
        "period": "Q2",
        "revenues": -26000000,
        "laborandrelatedexpense": 721000000,
        "materialssuppliesandother": 551000000,
        "fuelcosts": 304000000,
        "depreciation": 230000000,
        "equipmentandotherrents": 89000000,
        "operatingexpenses": -26000000,
        "operatingincomeloss": 57000000,
        "interestexpense": -20000000,
        "othernonoperatingincomeexpense": -20000000,
        "earningsfromcontinuingoperationsbeforeincometaxes": -492000000,
        "incometaxexpensebenefit": -14000000,
        "incomelossfromcontinuingoperations": -492000000,
        "netincomeloss": -492000000,
        "incomelossfromcontinuingoperationsperbasicshare": 1.08,
        "earningspersharebasic": 1.08,
        "incomelossfromcontinuingoperationsperdilutedshare": 1.07,
        "earningspersharediluted": 1.07,
        "weightedaveragenumberofsharesoutstandingbasic": 383164000,
        "weightedaveragenumberofdilutedsharesoutstanding": 386391000,
        "commonstockdividendspersharecashpaid": 0.24
    },
    {
        "date": "2010-03-25",
        "symbol": "CSX",
        "period": "Q1",
        "revenues": 2491000000,
        "laborandrelatedexpense": 729000000,
        "materialssuppliesandother": 453000000,
        "fuelcosts": 283000000,
        "depreciation": 229000000,
        "equipmentandotherrents": 100000000,
        "inlandtransportation": 63000000,
        "operatingexpenses": 1857000000,
        "operatingincomeloss": 634000000,
        "interestexpense": -142000000,
        "othernonoperatingincomeexpense": 11000000,
        "earningsfromcontinuingoperationsbeforeincometaxes": 503000000,
        "incometaxexpensebenefit": 197000000,
        "incomelossfromcontinuingoperations": 306000000,
        "netincomeloss": 306000000,
        "incomelossfromcontinuingoperationsperbasicshare": 0.78,
        "earningspersharebasic": 0.78,
        "incomelossfromcontinuingoperationsperdilutedshare": 0.78,
        "earningspersharediluted": 0.78,
        "weightedaveragenumberofsharesoutstandingbasic": 391079,
        "weightedaveragenumberofdilutedsharesoutstanding": 394323,
        "commonstockdividendspersharecashpaid": 0.24
    },
    {
        "date": "2009-03-26",
        "symbol": "CSX",
        "period": "Q1",
        "revenues": 2247000000,
        "laborandrelatedexpense": 662000000,
        "materialssuppliesandother": 477000000,
        "fuelcosts": 191000000,
        "depreciation": 224000000,
        "equipmentandotherrents": 113000000,
        "inlandtransportation": 58000000,
        "operatingexpenses": 1725000000,
        "operatingincomeloss": 522000000,
        "othernonoperatingincomeexpense": -9000000,
        "interestexpense": -141000000,
        "earningsfromcontinuingoperationsbeforeincometaxes": 372000000,
        "incometaxexpensebenefit": -126000000,
        "netincomeloss": 246000000,
        "earningspersharebasic": 0.63,
        "earningspersharediluted": 0.62,
        "weightedaveragenumberofsharesoutstandingbasic": 391160,
        "weightedaveragenumberofdilutedsharesoutstanding": 394101,
        "commonstockdividendspersharecashpaid": 0.22
    }
]