[
    {
        "date": "2024-09-29",
        "symbol": "HUM",
        "period": "Q3",
        "premiumsearnednet": 27951000000,
        "revenuefromcontractwithcustomerincludingassessedtax": 1103000000,
        "investmentincomeinterestanddividend": 343000000,
        "revenues": 29397000000,
        "sellinggeneralandadministrativeexpense": 3339000000,
        "depreciationandamortization": 210000000,
        "benefitslossesandexpenses": 28669000000,
        "operatingincomeloss": 728000000,
        "othernonoperatingincomeexpense": 92000000,
        "incomelossfromcontinuingoperationsbeforeincometaxesminorityinterestandincomelossfromequitymethodinvestments": 651000000,
        "incometaxexpensebenefit": 155000000,
        "incomelossfromequitymethodinvestments": -16000000,
        "profitloss": 480000000,
        "netincomelossattributabletononcontrollinginterest": 0,
        "netincomeloss": 480000000,
        "earningspersharebasic": 3.999999999999999,
        "earningspersharediluted": 3.990000000000001,
        "revenuefromcontractwithcustomerproductandserviceextensiblelist": "http://fasb.org/us-gaap/2024#HealthCareMember",
        "othercomprehensiveincomeunrealizedholdinggainlossonsecuritiesarisingduringperiodbeforetax": 619000000,
        "othercomprehensiveincomeunrealizedholdinggainlossonsecuritiesarisingduringperiodtax": 142000000,
        "othercomprehensiveincomeunrealizedholdinggainlossonsecuritiesarisingduringperiodnetoftax": 477000000,
        "othercomprehensiveincomelossreclassificationadjustmentfromaociforsaleofsecuritiesbeforetax": 10000000,
        "othercomprehensiveincomelossreclassificationadjustmentfromaociforsaleofsecuritiesnetoftax": 8000000,
        "othercomprehensiveincomelossnetoftaxportionattributabletoparent": 469000000,
        "comprehensiveincomenetoftax": 949000000
    },
    {
        "date": "2024-06-29",
        "symbol": "HUM",
        "period": "Q2",
        "premiumsearnednet": 28142000000,
        "revenuefromcontractwithcustomerincludingassessedtax": 1100000000,
        "investmentincomeinterestanddividend": 298000000,
        "revenues": 29540000000,
        "policyholderbenefitsandclaimsincurrednet": 25039000000,
        "sellinggeneralandadministrativeexpense": 3148000000,
        "depreciationandamortization": 212000000,
        "benefitslossesandexpenses": 28399000000,
        "operatingincomeloss": 1141000000,
        "interestexpensenonoperating": 168000000,
        "othernonoperatingincomeexpense": -55000000,
        "incomelossfromcontinuingoperationsbeforeincometaxesminorityinterestandincomelossfromequitymethodinvestments": 918000000,
        "incometaxexpensebenefit": 223000000,
        "incomelossfromequitymethodinvestments": -17000000,
        "profitloss": 678000000,
        "netincomelossattributabletononcontrollinginterest": -1000000,
        "netincomeloss": 679000000,
        "earningspersharebasic": 5.63,
        "earningspersharediluted": 5.62,
        "revenuefromcontractwithcustomerproductandserviceextensiblelist": "http://fasb.org/us-gaap/2024#HealthCareMember",
        "othercomprehensiveincomeunrealizedholdinggainlossonsecuritiesarisingduringperiodbeforetax": -47000000,
        "othercomprehensiveincomeunrealizedholdinggainlossonsecuritiesarisingduringperiodtax": -10000000,
        "othercomprehensiveincomeunrealizedholdinggainlossonsecuritiesarisingduringperiodnetoftax": -37000000,
        "othercomprehensiveincomelossreclassificationadjustmentfromaociforsaleofsecuritiesbeforetax": -1000000,
        "othercomprehensiveincomelossreclassificationadjustmentfromaociforsaleofsecuritiesnetoftax": -1000000,
        "othercomprehensiveincomelossnetoftaxportionattributabletoparent": -36000000,
        "comprehensiveincomenetoftax": 643000000
    },
    {
        "date": "2024-03-30",
        "symbol": "HUM",
        "period": "Q1",
        "revenuefromcontractwithcustomerproductandserviceextensiblelist": "http://fasb.org/us-gaap/2023#HealthCareMember",
        "premiumsearnednet": 28261000000,
        "revenuefromcontractwithcustomerincludingassessedtax": 1062000000,
        "investmentincomeinterestanddividend": 288000000,
        "revenues": 29611000000,
        "policyholderbenefitsandclaimsincurredhealthcare": 25124000000,
        "sellinggeneralandadministrativeexpense": 3042000000,
        "depreciationandamortization": 209000000,
        "benefitslossesandexpenses": 28375000000,
        "operatingincomeloss": 1236000000,
        "interestexpense": 159000000,
        "othernonoperatingincomeexpense": -63000000,
        "incomelossfromcontinuingoperationsbeforeincometaxesminorityinterestandincomelossfromequitymethodinvestments": 1014000000,
        "incometaxexpensebenefit": 251000000,
        "incomelossfromequitymethodinvestments": -24000000,
        "profitloss": 739000000,
        "netincomelossattributabletononcontrollinginterest": -2000000,
        "netincomeloss": 741000000,
        "earningspersharebasic": 6.13,
        "earningspersharediluted": 6.11,
        "othercomprehensiveincomeunrealizedholdinggainlossonsecuritiesarisingduringperiodbeforetax": -114000000,
        "othercomprehensiveincomeunrealizedholdinggainlossonsecuritiesarisingduringperiodtax": -28000000,
        "othercomprehensiveincomeunrealizedholdinggainlossonsecuritiesarisingduringperiodnetoftax": -86000000,
        "othercomprehensiveincomelossreclassificationadjustmentfromaociforsaleofsecuritiesbeforetax": 1000000,
        "othercomprehensiveincomelossreclassificationadjustmentfromaociforsaleofsecuritiesnetoftax": 1000000,
        "othercomprehensiveincomelossnetoftaxportionattributabletoparent": -87000000,
        "comprehensiveincomenetoftax": 654000000
    },
    {
        "date": "2023-12-30",
        "symbol": "HUM",
        "period": "Q4",
        "revenuefromcontractwithcustomerproductandserviceextensiblelist": "http://fasb.org/us-gaap/2023#HealthCareMember",
        "premiumsearnednet": 25128000000,
        "revenuefromcontractwithcustomerincludingassessedtax": 1040000000,
        "investmentincomeinterestanddividend": 294000000,
        "revenues": 26462000000,
        "policyholderbenefitsandclaimsincurredhealthcare": 22782000000,
        "sellinggeneralandadministrativeexpense": 3827000000,
        "benefitslossesandexpenses": 26810000000,
        "operatingincomeloss": -348000000,
        "interestexpense": 146000000,
        "othernonoperatingincomeexpense": -97000000,
        "incomelossfromcontinuingoperationsbeforeincometaxesminorityinterestandincomelossfromequitymethodinvestments": -591000000,
        "incometaxexpensebenefit": -75000000,
        "incomelossfromequitymethodinvestments": -24000000,
        "profitloss": -540000000,
        "netincomelossattributabletononcontrollinginterest": 1000000,
        "netincomeloss": -541000000,
        "earningspersharebasic": -4.280000000000002,
        "earningspersharediluted": -4.260000000000002,
        "othercomprehensiveincomeunrealizedholdinggainlossonsecuritiesarisingduringperiodbeforetax": 686000000,
        "othercomprehensiveincomeunrealizedholdinggainlossonsecuritiesarisingduringperiodtax": 158000000,
        "othercomprehensiveincomeunrealizedholdinggainlossonsecuritiesarisingduringperiodnetoftax": 528000000,
        "othercomprehensiveincomelossnetoftaxportionattributabletoparent": 504000000,
        "comprehensiveincomenetoftax": -37000000
    },
    {
        "date": "2023-09-29",
        "symbol": "HUM",
        "period": "Q3",
        "revenuefromcontractwithcustomerproductandserviceextensiblelist": "http://fasb.org/us-gaap/2023#HealthCareMember",
        "premiumsearnednet": 25099000000,
        "revenuefromcontractwithcustomerincludingassessedtax": 1016000000,
        "investmentincomeinterestanddividend": 308000000,
        "revenues": 87236000000,
        "policyholderbenefitsandclaimsincurredhealthcare": 65865000000,
        "sellinggeneralandadministrativeexpense": 16553000000,
        "depreciationandamortizationincomestatement": 637000000,
        "benefitslossesandexpenses": 83055000000,
        "operatingincomeloss": 4181000000,
        "interestexpense": 115000000,
        "othernonoperatingincomeexpense": 6000000,
        "incomelossfromcontinuingoperationsbeforeincometaxesminorityinterestandincomelossfromequitymethodinvestments": 4072000000,
        "incometaxexpensebenefit": 256000000,
        "incomelossfromequitymethodinvestments": -14000000,
        "profitloss": 3028000000,
        "netincomelossattributabletononcontrollinginterest": -2000000,
        "netincomeloss": 832000000,
        "earningspersharebasic": 6.760000000000002,
        "earningspersharediluted": 6.730000000000002,
        "othercomprehensiveincomeunrealizedholdinggainlossonsecuritiesarisingduringperiodbeforetax": -365000000,
        "othercomprehensiveincomeunrealizedholdinggainlossonsecuritiesarisingduringperiodtax": -85000000,
        "othercomprehensiveincomeunrealizedholdinggainlossonsecuritiesarisingduringperiodnetoftax": -280000000,
        "othercomprehensiveincomelossnetoftaxportionattributabletoparent": -277000000,
        "comprehensiveincomenetoftax": 555000000
    },
    {
        "date": "2023-06-29",
        "symbol": "HUM",
        "period": "Q2",
        "revenuefromcontractwithcustomerproductandserviceextensiblelist": "http://fasb.org/us-gaap/2023#HealthCareMember",
        "premiumsearnednet": 25495000000,
        "revenuefromcontractwithcustomerincludingassessedtax": 978000000,
        "investmentincomeinterestanddividend": 274000000,
        "revenues": -3658000000,
        "policyholderbenefitsandclaimsincurredhealthcare": -118000000,
        "sellinggeneralandadministrativeexpense": -3627000000,
        "depreciationandamortizationincomestatement": -31000000,
        "benefitslossesandexpenses": -3776000000,
        "operatingincomeloss": 118000000,
        "interestexpense": 119000000,
        "othernonoperatingincomeexpense": -54000000,
        "incomelossfromcontinuingoperationsbeforeincometaxesminorityinterestandincomelossfromequitymethodinvestments": -55000000,
        "incometaxexpensebenefit": 296000000,
        "incomelossfromequitymethodinvestments": -11000000,
        "profitloss": -3000000,
        "netincomelossattributabletononcontrollinginterest": -3000000,
        "netincomeloss": 959000000,
        "earningspersharebasic": 7.7,
        "earningspersharediluted": 7.66,
        "othercomprehensiveincomeunrealizedholdinggainlossonsecuritiesarisingduringperiodbeforetax": -137000000,
        "othercomprehensiveincomeunrealizedholdinggainlossonsecuritiesarisingduringperiodtax": -31000000,
        "othercomprehensiveincomeunrealizedholdinggainlossonsecuritiesarisingduringperiodnetoftax": -106000000,
        "othercomprehensiveincomeavailableforsalesecuritiesadjustmentbeforetaxportionattributabletoparent": -8000000,
        "othercomprehensiveincomeavailableforsalesecuritiestaxportionattributabletoparent": -1000000,
        "othercomprehensiveincomeavailableforsalesecuritiesadjustmentnetoftaxportionattributabletoparent": -7000000,
        "othercomprehensiveincomelossnetoftaxportionattributabletoparent": -113000000,
        "comprehensiveincomenetoftax": 846000000
    },
    {
        "date": "2023-03-30",
        "symbol": "HUM",
        "period": "Q1",
        "revenuefromcontractwithcustomerproductandserviceextensiblelist": "http://fasb.org/us-gaap/2022#HealthCareMember",
        "premiumsearnednet": 25550000000,
        "revenuefromcontractwithcustomerincludingassessedtax": 999000000,
        "investmentincomeinterestanddividend": 193000000,
        "revenues": -3666000000,
        "policyholderbenefitsandclaimsincurredhealthcare": -135000000,
        "sellinggeneralandadministrativeexpense": -3565000000,
        "depreciationandamortizationincomestatement": -28000000,
        "benefitslossesandexpenses": -3728000000,
        "operatingincomeloss": 62000000,
        "interestexpense": 113000000,
        "othernonoperatingincomeexpense": 8000000,
        "incomelossfromcontinuingoperationsbeforeincometaxesminorityinterestandincomelossfromequitymethodinvestments": -43000000,
        "incometaxexpensebenefit": 359000000,
        "incomelossfromequitymethodinvestments": -14000000,
        "profitloss": -1000000,
        "netincomelossattributabletononcontrollinginterest": -1000000,
        "netincomeloss": 1239000000,
        "earningspersharebasic": 9.91,
        "earningspersharediluted": 9.87,
        "othercomprehensiveincomeunrealizedholdinggainlossonsecuritiesarisingduringperiodbeforetax": 188000000,
        "othercomprehensiveincomeunrealizedholdinggainlossonsecuritiesarisingduringperiodtax": 43000000,
        "othercomprehensiveincomeunrealizedholdinggainlossonsecuritiesarisingduringperiodnetoftax": 145000000,
        "othercomprehensiveincomelossreclassificationadjustmentfromaociforsaleofsecuritiesbeforetax": -61000000,
        "othercomprehensiveincomelossreclassificationadjustmentfromaociforsaleofsecuritiestax": -15000000,
        "othercomprehensiveincomelossreclassificationadjustmentfromaociforsaleofsecuritiesnetoftax": -46000000,
        "othercomprehensiveincomelossnetoftaxportionattributabletoparent": 191000000,
        "comprehensiveincomenetoftax": 1430000000
    },
    {
        "date": "2022-12-30",
        "symbol": "HUM",
        "period": "Q4",
        "revenuefromcontractwithcustomerproductandserviceextensiblelist": "http://fasb.org/us-gaap/2022#HealthCareMember",
        "premiumsearnednet": 83604000000,
        "revenuefromcontractwithcustomerincludingassessedtax": 766000000,
        "revenues": 24799000000,
        "policyholderbenefitsandclaimsincurredhealthcare": 143000000,
        "sellinggeneralandadministrativeexpense": 24233000000,
        "depreciationandamortizationincomestatement": -21000000,
        "benefitslossesandexpenses": 10240000000,
        "operatingincomeloss": -185000000,
        "interestexpense": 107000000,
        "othernonoperatingincomeexpense": -84000000,
        "incomelossfromcontinuingoperationsbeforeincometaxesminorityinterestandincomelossfromequitymethodinvestments": -377000000,
        "incometaxexpensebenefit": -1086000000,
        "incomelossfromequitymethodinvestments": -7000000,
        "profitloss": 2803000000,
        "netincomeloss": -15000000,
        "earningspersharebasic": -0.08000000000000007,
        "earningspersharediluted": -0.08000000000000185,
        "othercomprehensiveincomeunrealizedholdinggainlossonsecuritiesarisingduringperiodbeforetax": 163000000,
        "othercomprehensiveincomeunrealizedholdinggainlossonsecuritiesarisingduringperiodtax": 37000000,
        "othercomprehensiveincomeunrealizedholdinggainlossonsecuritiesarisingduringperiodnetoftax": 126000000,
        "othercomprehensiveincomelossnetoftaxportionattributabletoparent": 163000000,
        "comprehensiveincomenetoftax": 148000000
    },
    {
        "date": "2022-09-29",
        "symbol": "HUM",
        "period": "Q3",
        "revenuefromcontractwithcustomerproductandserviceextensiblelist": "http://fasb.org/us-gaap/2022#HealthCareMember",
        "premiumsearnednet": 1337000000,
        "revenuefromcontractwithcustomerincludingassessedtax": 952000000,
        "netinvestmentincome": 118000000,
        "revenues": -7821000000,
        "policyholderbenefitsandclaimsincurredhealthcare": -88000000,
        "sellinggeneralandadministrativeexpense": -7704000000,
        "depreciationandamortizationincomestatement": -28000000,
        "benefitslossesandexpenses": -7820000000,
        "operatingincomeloss": -1000000,
        "gainlossonsaleofbusiness": 240000000,
        "interestexpense": 102000000,
        "othernonoperatingincomeexpense": -13000000,
        "incomelossfromcontinuingoperationsbeforeincometaxesminorityinterestandincomelossfromequitymethodinvestments": -116000000,
        "incometaxexpensebenefit": 107000000,
        "incomelossfromequitymethodinvestments": -5000000,
        "profitloss": -2000000,
        "netincomelossattributabletononcontrollinginterest": -2000000,
        "netincomeloss": 1195000000,
        "earningspersharebasic": 9.45,
        "earningspersharediluted": 9.39,
        "othercomprehensiveincomeunrealizedholdinggainlossonsecuritiesarisingduringperiodbeforetax": -590000000,
        "othercomprehensiveincomeunrealizedholdinggainlossonsecuritiesarisingduringperiodtax": -135000000,
        "othercomprehensiveincomeunrealizedholdinggainlossonsecuritiesarisingduringperiodnetoftax": -455000000,
        "othercomprehensiveincomelossreclassificationadjustmentfromaociforsaleofsecuritiesbeforetax": -50000000,
        "othercomprehensiveincomelossreclassificationadjustmentfromaociforsaleofsecuritiestax": -11000000,
        "othercomprehensiveincomelossreclassificationadjustmentfromaociforsaleofsecuritiesnetoftax": -39000000,
        "othercomprehensiveincomelossnetoftaxportionattributabletoparent": -416000000,
        "comprehensiveincomenetoftax": 779000000
    },
    {
        "date": "2022-06-29",
        "symbol": "HUM",
        "period": "Q2",
        "revenuefromcontractwithcustomerproductandserviceextensiblelist": "http://fasb.org/us-gaap/2022#HealthCareMember",
        "premiumsearnednet": 1370000000,
        "revenuefromcontractwithcustomerincludingassessedtax": 1145000000,
        "netinvestmentincome": 0,
        "revenues": -7830000000,
        "policyholderbenefitsandclaimsincurredhealthcare": -128000000,
        "sellinggeneralandadministrativeexpense": -7423000000,
        "depreciationandamortizationincomestatement": -29000000,
        "benefitslossesandexpenses": -7580000000,
        "operatingincomeloss": -250000000,
        "interestexpense": 101000000,
        "othernonoperatingincomeexpense": 8000000,
        "incomelossfromcontinuingoperationsbeforeincometaxesminorityinterestandincomelossfromequitymethodinvestments": -343000000,
        "incometaxexpensebenefit": 427000000,
        "incomelossfromequitymethodinvestments": -6000000,
        "profitloss": -929000000,
        "netincomeloss": 696000000,
        "earningspersharebasic": 5.51,
        "earningspersharediluted": 5.4799999999999995,
        "othercomprehensiveincomeunrealizedholdinggainlossonsecuritiesarisingduringperiodbeforetax": -623000000,
        "othercomprehensiveincomeunrealizedholdinggainlossonsecuritiesarisingduringperiodtax": -144000000,
        "othercomprehensiveincomeunrealizedholdinggainlossonsecuritiesarisingduringperiodnetoftax": -479000000,
        "othercomprehensiveincomelossreclassificationadjustmentfromaociforsaleofsecuritiesbeforetax": 0,
        "othercomprehensiveincomelossreclassificationadjustmentfromaociforsaleofsecuritiestax": 0,
        "othercomprehensiveincomelossreclassificationadjustmentfromaociforsaleofsecuritiesnetoftax": 0,
        "othercomprehensiveincomelossnetoftaxportionattributabletoparent": -479000000,
        "comprehensiveincomenetoftax": 217000000
    },
    {
        "date": "2022-03-30",
        "symbol": "HUM",
        "period": "Q1",
        "revenuefromcontractwithcustomerproductandserviceextensiblelist": "http://fasb.org/us-gaap/2021-01-31#HealthCareMember",
        "premiumsearnednet": 1401000000,
        "revenuefromcontractwithcustomerincludingassessedtax": 1063000000,
        "netinvestmentincome": -45000000,
        "revenues": -7682000000,
        "policyholderbenefitsandclaimsincurredhealthcare": -171000000,
        "sellinggeneralandadministrativeexpense": -7406000000,
        "depreciationandamortizationincomestatement": -28000000,
        "benefitslossesandexpenses": -7605000000,
        "operatingincomeloss": -77000000,
        "interestexpense": 90000000,
        "othernonoperatingincomeexpense": 21000000,
        "incomelossfromcontinuingoperationsbeforeincometaxesminorityinterestandincomelossfromequitymethodinvestments": -146000000,
        "incometaxexpensebenefit": 286000000,
        "incomelossfromequitymethodinvestments": -4000000,
        "profitloss": 930000000,
        "netincomeloss": 930000000,
        "earningspersharebasic": 7.32,
        "earningspersharediluted": 7.29,
        "othercomprehensiveincomeunrealizedholdinggainlossonsecuritiesarisingduringperiodbeforetax": -769000000,
        "othercomprehensiveincomeunrealizedholdinggainlossonsecuritiesarisingduringperiodtax": -176000000,
        "othercomprehensiveincomeunrealizedholdinggainlossonsecuritiesarisingduringperiodnetoftax": -593000000,
        "othercomprehensiveincomelossreclassificationadjustmentfromaociforsaleofsecuritiesbeforetax": 27000000,
        "othercomprehensiveincomelossreclassificationadjustmentfromaociforsaleofsecuritiestax": 6000000,
        "othercomprehensiveincomelossreclassificationadjustmentfromaociforsaleofsecuritiesnetoftax": 21000000,
        "othercomprehensiveincomelossnetoftaxportionattributabletoparent": -614000000,
        "comprehensiveincomenetoftax": 316000000
    },
    {
        "date": "2021-12-30",
        "symbol": "HUM",
        "period": "Q4",
        "revenuefromcontractwithcustomerproductandserviceextensiblelist": "http://fasb.org/us-gaap/2021-01-31#HealthCareMember",
        "premiumsearnednet": 1475000000,
        "revenuefromcontractwithcustomerincludingassessedtax": 1013000000,
        "revenues": 22900000000,
        "policyholderbenefitsandclaimsincurredhealthcare": -172000000,
        "sellinggeneralandadministrativeexpense": 22307000000,
        "depreciationandamortizationincomestatement": -28000000,
        "benefitslossesandexpenses": -7428000000,
        "operatingincomeloss": -133000000,
        "interestexpense": 78000000,
        "othernonoperatingincomeexpense": 110000000,
        "incomelossfromcontinuingoperationsbeforeincometaxesminorityinterestandincomelossfromequitymethodinvestments": -254000000,
        "incometaxexpensebenefit": -795000000,
        "incomelossfromequitymethodinvestments": 10000000,
        "netincomeloss": -14000000,
        "earningspersharebasic": -0.11000000000000121,
        "earningspersharediluted": -0.10999999999999766,
        "othercomprehensiveincomeunrealizedholdinggainlossonsecuritiesarisingduringperiodbeforetax": -109000000,
        "othercomprehensiveincomeunrealizedholdinggainlossonsecuritiesarisingduringperiodtax": -25000000,
        "othercomprehensiveincomeunrealizedholdinggainlossonsecuritiesarisingduringperiodnetoftax": -84000000,
        "othercomprehensiveincomelossreclassificationadjustmentfromaociforsaleofsecuritiesbeforetax": 23000000,
        "othercomprehensiveincomelossreclassificationadjustmentfromaociforsaleofsecuritiestax": 4000000,
        "othercomprehensiveincomelossreclassificationadjustmentfromaociforsaleofsecuritiesnetoftax": 19000000,
        "othercomprehensiveincomelossnetoftaxportionattributabletoparent": -103000000,
        "comprehensiveincomelossnetoftaxattributabletoequitymethodinvestments": 0,
        "comprehensiveincomenetoftax": -117000000
    },
    {
        "date": "2021-09-29",
        "symbol": "HUM",
        "period": "Q3",
        "premiumsearnednet": 1484000000,
        "revenuefromcontractwithcustomerincludingassessedtax": 647000000,
        "netinvestmentincome": -75000000,
        "revenues": -7476000000,
        "policyholderbenefitsandclaimsincurredhealthcare": -173000000,
        "sellinggeneralandadministrativeexpense": -7121000000,
        "depreciationandamortizationincomestatement": -24000000,
        "benefitslossesandexpenses": -7318000000,
        "operatingincomeloss": -158000000,
        "interestexpense": 88000000,
        "othernonoperatingincomeexpense": 1096000000,
        "incomelossfromcontinuingoperationsbeforeincometaxesminorityinterestandincomelossfromequitymethodinvestments": 850000000,
        "incometaxexpensebenefit": 120000000,
        "incomelossfromequitymethodinvestments": 15000000,
        "profitloss": 1531000000,
        "netincomeloss": 1531000000,
        "earningspersharebasic": 11.91,
        "earningspersharediluted": 11.84,
        "revenuefromcontractwithcustomerproductandserviceextensiblelist": "http://fasb.org/us-gaap/2021-01-31#HealthCareMember",
        "othercomprehensiveincomeunrealizedholdinggainlossonsecuritiesarisingduringperiodbeforetax": -63000000,
        "othercomprehensiveincomeunrealizedholdinggainlossonsecuritiesarisingduringperiodtax": -14000000,
        "othercomprehensiveincomeunrealizedholdinggainlossonsecuritiesarisingduringperiodnetoftax": -49000000,
        "othercomprehensiveincomelossreclassificationadjustmentfromaociforsaleofsecuritiesbeforetax": 16000000,
        "othercomprehensiveincomelossreclassificationadjustmentfromaociforsaleofsecuritiestax": 4000000,
        "othercomprehensiveincomelossreclassificationadjustmentfromaociforsaleofsecuritiesnetoftax": 12000000,
        "othercomprehensiveincomelossnetoftaxportionattributabletoparent": -61000000,
        "comprehensiveincomelossnetoftaxattributabletoequitymethodinvestments": -10000000,
        "comprehensiveincomenetoftax": 1460000000
    },
    {
        "date": "2021-06-29",
        "symbol": "HUM",
        "period": "Q2",
        "premiumsearnednet": 19978000000,
        "revenuefromcontractwithcustomerincludingassessedtax": 491000000,
        "investmentincomeinterestanddividend": 176000000,
        "revenues": 20645000000,
        "policyholderbenefitsandclaimsincurredhealthcare": 17149000000,
        "sellinggeneralandadministrativeexpense": 2116000000,
        "depreciationandamortizationincomestatement": 144000000,
        "benefitslossesandexpenses": 19409000000,
        "operatingincomeloss": 1236000000,
        "interestexpense": 79000000,
        "othernonoperatingincomeexpense": -419000000,
        "incomelossfromcontinuingoperationsbeforeincometaxesminorityinterestandincomelossfromequitymethodinvestments": 738000000,
        "incometaxexpensebenefit": 183000000,
        "incomelossfromequitymethodinvestments": 33000000,
        "netincomeloss": 588000000,
        "earningspersharebasic": 4.57,
        "earningspersharediluted": 4.55,
        "revenuefromcontractwithcustomerproductandserviceextensiblelist": "http://fasb.org/us-gaap/2021-01-31#HealthCareMember",
        "othercomprehensiveincomeunrealizedholdinggainlossonsecuritiesarisingduringperiodbeforetax": 136000000,
        "othercomprehensiveincomeunrealizedholdinggainlossonsecuritiesarisingduringperiodtax": 31000000,
        "othercomprehensiveincomeunrealizedholdinggainlossonsecuritiesarisingduringperiodnetoftax": 105000000,
        "othercomprehensiveincomelossreclassificationadjustmentfromaociforsaleofsecuritiesbeforetax": 9000000,
        "othercomprehensiveincomelossreclassificationadjustmentfromaociforsaleofsecuritiestax": 2000000,
        "othercomprehensiveincomelossreclassificationadjustmentfromaociforsaleofsecuritiesnetoftax": 7000000,
        "othercomprehensiveincomelossnetoftaxportionattributabletoparent": 98000000,
        "comprehensiveincomelossnetoftaxattributabletoequitymethodinvestments": 10000000,
        "comprehensiveincomenetoftax": 696000000
    },
    {
        "date": "2021-03-30",
        "symbol": "HUM",
        "period": "Q1",
        "premiumsearnednet": 20124000000,
        "revenuefromcontractwithcustomerincludingassessedtax": 466000000,
        "investmentincomeinterestanddividend": 78000000,
        "revenues": 20668000000,
        "policyholderbenefitsandclaimsincurredhealthcare": 17296000000,
        "sellinggeneralandadministrativeexpense": 2007000000,
        "depreciationandamortizationincomestatement": 142000000,
        "benefitslossesandexpenses": 19445000000,
        "operatingincomeloss": 1223000000,
        "interestexpense": 68000000,
        "othernonoperatingincomeexpense": -115000000,
        "incomelossfromcontinuingoperationsbeforeincometaxesminorityinterestandincomelossfromequitymethodinvestments": 1040000000,
        "incometaxexpensebenefit": 233000000,
        "incomelossfromequitymethodinvestments": 21000000,
        "netincomeloss": 828000000,
        "earningspersharebasic": 6.42,
        "earningspersharediluted": 6.39,
        "revenuefromcontractwithcustomerproductandserviceextensiblelist": "us-gaap:HealthCareMember",
        "othercomprehensiveincomeunrealizedholdinggainlossonsecuritiesarisingduringperiodbeforetax": -320000000,
        "othercomprehensiveincomeunrealizedholdinggainlossonsecuritiesarisingduringperiodtax": -73000000,
        "othercomprehensiveincomeunrealizedholdinggainlossonsecuritiesarisingduringperiodnetoftax": -247000000,
        "othercomprehensiveincomelossreclassificationadjustmentfromaociforsaleofsecuritiesbeforetax": 55000000,
        "othercomprehensiveincomelossreclassificationadjustmentfromaociforsaleofsecuritiestax": 13000000,
        "othercomprehensiveincomelossreclassificationadjustmentfromaociforsaleofsecuritiesnetoftax": 42000000,
        "othercomprehensiveincomelossnetoftaxportionattributabletoparent": -289000000,
        "comprehensiveincomelossnetoftaxattributabletoequitymethodinvestments": 6000000,
        "comprehensiveincomenetoftax": 545000000
    },
    {
        "date": "2020-12-30",
        "symbol": "HUM",
        "period": "Q4",
        "premiumsearnednet": 18364000000,
        "revenuefromcontractwithcustomerincludingassessedtax": 484000000,
        "investmentincomeinterestanddividend": 214000000,
        "revenues": 19062000000,
        "policyholderbenefitsandclaimsincurredhealthcare": 16213000000,
        "sellinggeneralandadministrativeexpense": 3068000000,
        "depreciationandamortizationincomestatement": 127000000,
        "benefitslossesandexpenses": 19408000000,
        "operatingincomeloss": -346000000,
        "interestexpense": 72000000,
        "othernonoperatingincomeexpense": -40000000,
        "incomelossfromcontinuingoperationsbeforeincometaxesminorityinterestandincomelossfromequitymethodinvestments": -458000000,
        "incometaxexpensebenefit": -178000000,
        "incomelossfromequitymethodinvestments": 6000000,
        "netincomeloss": -274000000,
        "earningspersharebasic": -2.0600000000000023,
        "earningspersharediluted": -2.060000000000002,
        "revenuefromcontractwithcustomerproductandserviceextensiblelist": "us-gaap:HealthCareService",
        "othercomprehensiveincomeunrealizedholdinggainlossonsecuritiesarisingduringperiodbeforetax": 61000000,
        "othercomprehensiveincomeunrealizedholdinggainlossonsecuritiesarisingduringperiodtax": 11000000,
        "othercomprehensiveincomeunrealizedholdinggainlossonsecuritiesarisingduringperiodnetoftax": 50000000,
        "othercomprehensiveincomelossreclassificationadjustmentfromaociforsaleofsecuritiesbeforetax": 42000000,
        "othercomprehensiveincomelossreclassificationadjustmentfromaociforsaleofsecuritiesnetoftax": 32000000,
        "othercomprehensiveincomelossnetoftaxportionattributabletoparent": 18000000,
        "comprehensiveincomelossnetoftaxattributabletoequitymethodinvestments": 3000000,
        "comprehensiveincomenetoftax": -253000000
    },
    {
        "date": "2020-09-29",
        "symbol": "HUM",
        "period": "Q3",
        "premiumsearnednet": 18904000000,
        "revenuefromcontractwithcustomerincludingassessedtax": 457000000,
        "investmentincomeinterestanddividend": 714000000,
        "revenues": 20075000000,
        "policyholderbenefitsandclaimsincurredhealthcare": 15611000000,
        "sellinggeneralandadministrativeexpense": 2513000000,
        "depreciationandamortizationincomestatement": 128000000,
        "benefitslossesandexpenses": 18252000000,
        "operatingincomeloss": 1823000000,
        "interestexpense": 75000000,
        "othernonoperatingincomeexpense": 7000000,
        "incomelossfromcontinuingoperationsbeforeincometaxesminorityinterestandincomelossfromequitymethodinvestments": 1755000000,
        "incometaxexpensebenefit": 450000000,
        "incomelossfromequitymethodinvestments": 35000000,
        "netincomeloss": 1340000000,
        "earningspersharebasic": 10.120000000000001,
        "earningspersharediluted": 10.060000000000002,
        "revenuefromcontractwithcustomerproductandserviceextensiblelist": "us-gaap:HealthCareService",
        "othercomprehensiveincomeunrealizedholdinggainlossonsecuritiesarisingduringperiodbeforetax": 66000000,
        "othercomprehensiveincomeunrealizedholdinggainlossonsecuritiesarisingduringperiodtax": 15000000,
        "othercomprehensiveincomeunrealizedholdinggainlossonsecuritiesarisingduringperiodnetoftax": 51000000,
        "othercomprehensiveincomelossreclassificationadjustmentfromaociforsaleofsecuritiesbeforetax": 1000000,
        "othercomprehensiveincomelossreclassificationadjustmentfromaociforsaleofsecuritiesnetoftax": 1000000,
        "othercomprehensiveincomelossnetoftaxportionattributabletoparent": 50000000,
        "comprehensiveincomelossnetoftaxattributabletoequitymethodinvestments": 3000000,
        "comprehensiveincomenetoftax": 1393000000
    },
    {
        "date": "2020-06-29",
        "symbol": "HUM",
        "period": "Q2",
        "premiumsearnednet": 18556000000,
        "revenuefromcontractwithcustomerincludingassessedtax": 450000000,
        "investmentincomeinterestanddividend": 77000000,
        "revenues": 19083000000,
        "policyholderbenefitsandclaimsincurredhealthcare": 14175000000,
        "sellinggeneralandadministrativeexpense": 2354000000,
        "depreciationandamortizationincomestatement": 119000000,
        "benefitslossesandexpenses": 16648000000,
        "operatingincomeloss": 2435000000,
        "interestexpense": 76000000,
        "othernonoperatingincomeexpense": 227000000,
        "incomelossfromcontinuingoperationsbeforeincometaxesminorityinterestandincomelossfromequitymethodinvestments": 2586000000,
        "incometaxexpensebenefit": 783000000,
        "incomelossfromequitymethodinvestments": 25000000,
        "netincomeloss": 1828000000,
        "earningspersharebasic": 13.83,
        "earningspersharediluted": 13.749999999999998,
        "revenuefromcontractwithcustomerproductandserviceextensiblelist": "us-gaap:HealthCareService",
        "othercomprehensiveincomeunrealizedholdinggainlossonsecuritiesarisingduringperiodbeforetax": 358000000,
        "othercomprehensiveincomeunrealizedholdinggainlossonsecuritiesarisingduringperiodtax": 85000000,
        "othercomprehensiveincomeunrealizedholdinggainlossonsecuritiesarisingduringperiodnetoftax": 273000000,
        "othercomprehensiveincomelossreclassificationadjustmentfromaociforsaleofsecuritiesbeforetax": 2000000,
        "othercomprehensiveincomelossreclassificationadjustmentfromaociforsaleofsecuritiestax": 0,
        "othercomprehensiveincomelossreclassificationadjustmentfromaociforsaleofsecuritiesnetoftax": 2000000,
        "othercomprehensiveincomelossnetoftaxportionattributabletoparent": 271000000,
        "comprehensiveincomelossnetoftaxattributabletoequitymethodinvestments": -2000000,
        "comprehensiveincomenetoftax": 2097000000
    },
    {
        "date": "2020-03-30",
        "symbol": "HUM",
        "period": "Q1",
        "netincomeloss": 473000000,
        "othercomprehensiveincomeunrealizedholdinggainlossonsecuritiesarisingduringperiodbeforetax": -92000000,
        "othercomprehensiveincomeunrealizedholdinggainlossonsecuritiesarisingduringperiodtax": -22000000,
        "othercomprehensiveincomeunrealizedholdinggainlossonsecuritiesarisingduringperiodnetoftax": -70000000,
        "othercomprehensiveincomelossreclassificationadjustmentfromaociforsaleofsecuritiesbeforetax": 45000000,
        "othercomprehensiveincomelossreclassificationadjustmentfromaociforsaleofsecuritiestax": 10000000,
        "othercomprehensiveincomelossreclassificationadjustmentfromaociforsaleofsecuritiesnetoftax": 35000000,
        "othercomprehensiveincomelossnetoftaxportionattributabletoparent": -105000000,
        "comprehensiveincomelossnetoftaxattributabletoequitymethodinvestments": -3000000,
        "comprehensiveincomenetoftax": 365000000,
        "premiumsearnednet": 18362000000,
        "revenuefromcontractwithcustomerincludingassessedtax": 424000000,
        "investmentincomeinterestanddividend": 149000000,
        "revenues": 18935000000,
        "policyholderbenefitsandclaimsincurredhealthcare": 15629000000,
        "sellinggeneralandadministrativeexpense": 2117000000,
        "depreciationandamortizationincomestatement": 115000000,
        "benefitslossesandexpenses": 17861000000,
        "operatingincomeloss": 1074000000,
        "interestexpense": 60000000,
        "othernonoperatingincomeexpense": -297000000,
        "incomelossfromcontinuingoperationsbeforeincometaxesminorityinterestandincomelossfromequitymethodinvestments": 717000000,
        "incometaxexpensebenefit": 252000000,
        "incomelossfromequitymethodinvestments": 8000000,
        "earningspersharebasic": 3.58,
        "earningspersharediluted": 3.56
    },
    {
        "date": "2019-12-30",
        "symbol": "HUM",
        "period": "Q4",
        "netincomeloss": 512000000,
        "othercomprehensiveincomeunrealizedholdinggainlossonsecuritiesarisingduringperiodbeforetax": -2000000,
        "othercomprehensiveincomeunrealizedholdinggainlossonsecuritiesarisingduringperiodtax": 0,
        "othercomprehensiveincomeunrealizedholdinggainlossonsecuritiesarisingduringperiodnetoftax": -2000000,
        "othercomprehensiveincomelossnetoftaxportionattributabletoparent": -23000000,
        "comprehensiveincomelossnetoftaxattributabletoequitymethodinvestments": 2000000,
        "comprehensiveincomenetoftax": 491000000,
        "premiumsearnednet": 15809000000,
        "revenuefromcontractwithcustomerincludingassessedtax": 336000000,
        "investmentincomeinterestanddividend": 150000000,
        "revenues": 16295000000,
        "policyholderbenefitsandclaimsincurredhealthcare": 13689000000,
        "sellinggeneralandadministrativeexpense": 2129000000,
        "depreciationandamortizationincomestatement": 115000000,
        "benefitslossesandexpenses": 15933000000,
        "operatingincomeloss": 362000000,
        "interestexpense": 58000000,
        "othernonoperatingincomeexpense": 289000000,
        "incomelossfromcontinuingoperationsbeforeincometaxesminorityinterestandincomelossfromequitymethodinvestments": 593000000,
        "incometaxexpensebenefit": 79000000,
        "incomelossfromequitymethodinvestments": -2000000,
        "earningspersharebasic": 3.8900000000000006,
        "earningspersharediluted": 3.860000000000003
    },
    {
        "date": "2019-09-29",
        "symbol": "HUM",
        "period": "Q3",
        "netincomeloss": 689000000,
        "othercomprehensiveincomeunrealizedholdinggainlossonsecuritiesarisingduringperiodbeforetax": 87000000,
        "othercomprehensiveincomeunrealizedholdinggainlossonsecuritiesarisingduringperiodtax": 20000000,
        "othercomprehensiveincomeunrealizedholdinggainlossonsecuritiesarisingduringperiodnetoftax": 67000000,
        "othercomprehensiveincomelossnetoftaxportionattributabletoparent": 66000000,
        "comprehensiveincomelossnetoftaxattributabletoequitymethodinvestments": -1000000,
        "comprehensiveincomenetoftax": 754000000,
        "premiumsearnednet": 18213000000,
        "revenuefromcontractwithcustomerincludingassessedtax": 393000000,
        "investmentincomeinterestanddividend": 136000000,
        "revenues": 16241000000,
        "policyholderbenefitsandclaimsincurredhealthcare": 13357000000,
        "sellinggeneralandadministrativeexpense": 1889000000,
        "depreciationandamortizationincomestatement": 127000000,
        "benefitslossesandexpenses": 15373000000,
        "operatingincomeloss": 868000000,
        "interestexpense": 62000000,
        "othernonoperatingincomeexpense": 82000000,
        "incomelossfromcontinuingoperationsbeforeincometaxesminorityinterestandincomelossfromequitymethodinvestments": 888000000,
        "incometaxexpensebenefit": 200000000,
        "incomelossfromequitymethodinvestments": 1000000,
        "earningspersharebasic": 5.169999999999998,
        "earningspersharediluted": 5.139999999999997
    },
    {
        "date": "2019-06-29",
        "symbol": "HUM",
        "period": "Q2",
        "netincomeloss": 940000000,
        "othercomprehensiveincomeunrealizedholdinggainlossonsecuritiesarisingduringperiodbeforetax": 169000000,
        "othercomprehensiveincomeunrealizedholdinggainlossonsecuritiesarisingduringperiodtax": 40000000,
        "othercomprehensiveincomeunrealizedholdinggainlossonsecuritiesarisingduringperiodnetoftax": 129000000,
        "othercomprehensiveincomelossreclassificationadjustmentfromaociforsaleofsecuritiesbeforetax": 6000000,
        "othercomprehensiveincomelossreclassificationadjustmentfromaociforsaleofsecuritiestax": 2000000,
        "othercomprehensiveincomelossreclassificationadjustmentfromaociforsaleofsecuritiesnetoftax": 4000000,
        "othercomprehensiveincomelossnetoftaxportionattributabletoparent": 125000000,
        "comprehensiveincomelossnetoftaxattributabletoequitymethodinvestments": -3000000,
        "comprehensiveincomenetoftax": 1062000000,
        "premiumsearnednet": 15776000000,
        "revenuefromcontractwithcustomerincludingassessedtax": 355000000,
        "investmentincomeinterestanddividend": 114000000,
        "revenues": 16245000000,
        "policyholderbenefitsandclaimsincurredhealthcare": 13318000000,
        "sellinggeneralandadministrativeexpense": 1703000000,
        "depreciationandamortizationincomestatement": 109000000,
        "benefitslossesandexpenses": 15130000000,
        "operatingincomeloss": 1115000000,
        "interestexpense": 60000000,
        "othernonoperatingincomeexpense": 174000000,
        "incomelossfromcontinuingoperationsbeforeincometaxesminorityinterestandincomelossfromequitymethodinvestments": 1229000000,
        "incometaxexpensebenefit": 301000000,
        "incomelossfromequitymethodinvestments": 12000000,
        "earningspersharebasic": 6.96,
        "earningspersharediluted": 6.94
    },
    {
        "date": "2019-03-30",
        "symbol": "HUM",
        "period": "Q1",
        "netincomeloss": 566000000,
        "othercomprehensiveincomeunrealizedholdinggainlossonsecuritiesarisingduringperiodbeforetax": 196000000,
        "othercomprehensiveincomeunrealizedholdinggainlossonsecuritiesarisingduringperiodtax": 45000000,
        "othercomprehensiveincomeunrealizedholdinggainlossonsecuritiesarisingduringperiodnetoftax": 151000000,
        "othercomprehensiveincomelossnetoftaxportionattributabletoparent": 151000000,
        "comprehensiveincomelossnetoftaxattributabletoequitymethodinvestments": -2000000,
        "comprehensiveincomenetoftax": 715000000,
        "premiumsearnednet": 13150000000,
        "revenuefromcontractwithcustomerincludingassessedtax": 355000000,
        "investmentincomeinterestanddividend": 101000000,
        "revenues": 16107000000,
        "policyholderbenefitsandclaimsincurredhealthcare": 13493000000,
        "sellinggeneralandadministrativeexpense": 1660000000,
        "depreciationandamortizationincomestatement": 107000000,
        "benefitslossesandexpenses": 15260000000,
        "operatingincomeloss": 847000000,
        "interestexpense": 62000000,
        "othernonoperatingincomeexpense": -39000000,
        "incomelossfromcontinuingoperationsbeforeincometaxesminorityinterestandincomelossfromequitymethodinvestments": 746000000,
        "incometaxexpensebenefit": 183000000,
        "incomelossfromequitymethodinvestments": 3000000,
        "earningspersharebasic": 4.18,
        "earningspersharediluted": 4.16,
        "commonstockdividendspersharedeclared": 0.55
    },
    {
        "date": "2018-12-30",
        "symbol": "HUM",
        "period": "Q4",
        "netincomeloss": 355000000,
        "othercomprehensiveincomeunrealizedholdinggainlossonsecuritiesarisingduringperiodbeforetax": 65000000,
        "othercomprehensiveincomeunrealizedholdinggainlossonsecuritiesarisingduringperiodtax": 13000000,
        "othercomprehensiveincomeunrealizedholdinggainlossonsecuritiesarisingduringperiodnetoftax": 52000000,
        "othercomprehensiveincomelossreclassificationadjustmentfromaociforsaleofsecuritiesbeforetax": 4000000,
        "othercomprehensiveincomelossreclassificationadjustmentfromaociforsaleofsecuritiestax": 3000000,
        "othercomprehensiveincomelossreclassificationadjustmentfromaociforsaleofsecuritiesnetoftax": 1000000,
        "othercomprehensiveincomelossnetoftaxportionattributabletoparent": 51000000,
        "comprehensiveincomenetoftax": 402000000,
        "premiumsearnednet": 345000000,
        "investmentincomeinterestanddividend": 34000000,
        "revenues": 16103000000,
        "policyholderbenefitsandclaimsincurredhealthcare": 10083000000,
        "sellinggeneralandadministrativeexpense": 1543000000,
        "depreciationandamortizationincomestatement": 71000000,
        "benefitslossesandexpenses": 11697000000,
        "operatingincomeloss": 339000000,
        "interestexpense": 59000000,
        "incomelossfromcontinuingoperationsbeforeincometaxesminorityinterestandincomelossfromequitymethodinvestments": 339000000,
        "incometaxexpensebenefit": -850000000,
        "earningspersharebasic": 2.6,
        "earningspersharediluted": 2.5900000000000003
    },
    {
        "date": "2018-09-29",
        "symbol": "HUM",
        "period": "Q3",
        "netincomeloss": 644000000,
        "othercomprehensiveincomeunrealizedholdinggainlossonsecuritiesarisingduringperiodbeforetax": -42000000,
        "othercomprehensiveincomeunrealizedholdinggainlossonsecuritiesarisingduringperiodtax": -10000000,
        "othercomprehensiveincomeunrealizedholdinggainlossonsecuritiesarisingduringperiodnetoftax": -32000000,
        "othercomprehensiveincomelossreclassificationadjustmentfromaociforsaleofsecuritiesbeforetax": -3000000,
        "othercomprehensiveincomelossreclassificationadjustmentfromaociforsaleofsecuritiestax": -1000000,
        "othercomprehensiveincomelossreclassificationadjustmentfromaociforsaleofsecuritiesnetoftax": -2000000,
        "othercomprehensiveincomelossnetoftaxportionattributabletoparent": -30000000,
        "comprehensiveincomenetoftax": 614000000,
        "premiumsearnednet": 325000000,
        "revenuefromcontractwithcustomerincludingassessedtax": 381000000,
        "investmentincomeinterestanddividend": 35000000,
        "revenues": 14093000000,
        "policyholderbenefitsandclaimsincurredhealthcare": 10020000000,
        "sellinggeneralandadministrativeexpense": 1352000000,
        "depreciationandamortizationincomestatement": 67000000,
        "benefitslossesandexpenses": 11439000000,
        "operatingincomeloss": 634000000,
        "gainlossonsaleofbusiness": 4000000,
        "interestexpense": 53000000,
        "othernonoperatingincomeexpense": -11000000,
        "incomelossfromcontinuingoperationsbeforeincometaxesminorityinterestandincomelossfromequitymethodinvestments": 634000000,
        "incometaxexpensebenefit": 266000000,
        "incomelossfromequitymethodinvestments": 9000000,
        "earningspersharebasic": 4.68,
        "earningspersharediluted": 4.65,
        "commonstockdividendspersharedeclared": 0.5
    },
    {
        "date": "2018-06-29",
        "symbol": "HUM",
        "period": "Q2",
        "netincomeloss": 193000000,
        "othercomprehensiveincomeunrealizedholdinggainlossonsecuritiesarisingduringperiodbeforetax": -9000000,
        "othercomprehensiveincomeunrealizedholdinggainlossonsecuritiesarisingduringperiodtax": -2000000,
        "othercomprehensiveincomeunrealizedholdinggainlossonsecuritiesarisingduringperiodnetoftax": -7000000,
        "othercomprehensiveincomelossreclassificationadjustmentfromaociforsaleofsecuritiesbeforetax": 23000000,
        "othercomprehensiveincomelossreclassificationadjustmentfromaociforsaleofsecuritiestax": 8000000,
        "othercomprehensiveincomelossreclassificationadjustmentfromaociforsaleofsecuritiesnetoftax": 15000000,
        "othercomprehensiveincomelossnetoftaxportionattributabletoparent": -22000000,
        "comprehensiveincomenetoftax": 171000000,
        "premiumsearnednet": 342000000,
        "revenuefromcontractwithcustomerincludingassessedtax": 382000000,
        "investmentincomeinterestanddividend": 30000000,
        "revenues": 14095000000,
        "policyholderbenefitsandclaimsincurredhealthcare": 10270000000,
        "sellinggeneralandadministrativeexpense": 1210000000,
        "depreciationandamortizationincomestatement": 66000000,
        "benefitslossesandexpenses": 11546000000,
        "operatingincomeloss": 493000000,
        "disposalgroupnotdiscontinuedoperationgainlossondisposal": -790000000,
        "interestexpense": 53000000,
        "incomelossfromcontinuingoperationsbeforeincometaxesminorityinterestandincomelossfromequitymethodinvestments": 493000000,
        "incometaxexpensebenefit": -174000000,
        "earningspersharebasic": 1.4,
        "earningspersharediluted": 1.39,
        "commonstockdividendspersharedeclared": 0.5
    },
    {
        "date": "2018-03-30",
        "symbol": "HUM",
        "period": "Q1",
        "netincomeloss": 491000000,
        "othercomprehensiveincomeunrealizedholdinggainlossonsecuritiesarisingduringperiodbeforetax": -203000000,
        "othercomprehensiveincomeunrealizedholdinggainlossonsecuritiesarisingduringperiodtax": -52000000,
        "othercomprehensiveincomeunrealizedholdinggainlossonsecuritiesarisingduringperiodnetoftax": -151000000,
        "othercomprehensiveincomelossreclassificationadjustmentfromaociforsaleofsecuritiesbeforetax": 29000000,
        "othercomprehensiveincomelossreclassificationadjustmentfromaociforsaleofsecuritiestax": 7000000,
        "othercomprehensiveincomelossreclassificationadjustmentfromaociforsaleofsecuritiesnetoftax": 22000000,
        "othercomprehensiveincomelossnetoftaxportionattributabletoparent": -173000000,
        "comprehensiveincomenetoftax": 318000000,
        "premiumsearnednet": 347000000,
        "salesrevenueservicesnet": 65000000,
        "investmentincomeinterestanddividend": 37000000,
        "revenues": 12107000000,
        "policyholderbenefitsandclaimsincurredhealthcare": 10552000000,
        "sellinggeneralandadministrativeexpense": 1222000000,
        "depreciationandamortizationincomestatement": 66000000,
        "benefitslossesandexpenses": 11840000000,
        "operatingincomeloss": 267000000,
        "interestexpense": 53000000,
        "incomelossfromcontinuingoperationsbeforeincometaxesminorityinterestandincomelossfromequitymethodinvestments": 267000000,
        "incometaxexpensebenefit": 216000000,
        "earningspersharebasic": 3.56,
        "earningspersharediluted": 3.53,
        "commonstockdividendspersharedeclared": 0.5
    },
    {
        "date": "2017-03-30",
        "symbol": "HUM",
        "period": "Q1",
        "netincomeloss": 1115000000,
        "othercomprehensiveincomeunrealizedholdinggainlossonsecuritiesarisingduringperiodbeforetax": 38000000,
        "othercomprehensiveincomeunrealizedholdinggainlossonsecuritiesarisingduringperiodtax": 14000000,
        "othercomprehensiveincomeunrealizedholdinggainlossonsecuritiesarisingduringperiodnetoftax": 24000000,
        "othercomprehensiveincomelossreclassificationadjustmentfromaociforsaleofsecuritiesbeforetax": 26000000,
        "othercomprehensiveincomelossreclassificationadjustmentfromaociforsaleofsecuritiestax": 10000000,
        "othercomprehensiveincomelossreclassificationadjustmentfromaociforsaleofsecuritiesnetoftax": 16000000,
        "othercomprehensiveincomelossnetoftaxportionattributabletoparent": 8000000,
        "comprehensiveincomenetoftax": 1123000000,
        "premiumsearnednet": 322000000,
        "salesrevenueservicesnet": 70000000,
        "investmentincomeinterestanddividend": 25000000,
        "revenues": 11433000000,
        "policyholderbenefitsandclaimsincurredhealthcare": 10051000000,
        "sellinggeneralandadministrativeexpense": 954000000,
        "mergerterminationfeeandrelatedcosts": -947000000,
        "depreciationandamortizationincomestatement": 58000000,
        "benefitslossesandexpenses": 11063000000,
        "operatingincomeloss": 370000000,
        "interestexpense": 49000000,
        "incomelossfromcontinuingoperationsbeforeincometaxesminorityinterestandincomelossfromequitymethodinvestments": 370000000,
        "incometaxexpensebenefit": 574000000,
        "earningspersharebasic": 7.54,
        "earningspersharediluted": 7.49,
        "commonstockdividendspersharedeclared": 0.4
    },
    {
        "date": "2016-12-30",
        "symbol": "HUM",
        "period": "Q4",
        "netincomeloss": -381000000,
        "othercomprehensiveincomeunrealizedholdinggainlossonsecuritiesarisingduringperiodbeforetax": -251000000,
        "othercomprehensiveincomeunrealizedholdinggainlossonsecuritiesarisingduringperiodtax": -93000000,
        "othercomprehensiveincomeunrealizedholdinggainlossonsecuritiesarisingduringperiodnetoftax": -158000000,
        "othercomprehensiveincomelossreclassificationadjustmentfromaociforsaleofsecuritiesbeforetax": 31000000,
        "othercomprehensiveincomelossreclassificationadjustmentfromaociforsaleofsecuritiestax": 11000000,
        "othercomprehensiveincomelossreclassificationadjustmentfromaociforsaleofsecuritiesnetoftax": 20000000,
        "othercomprehensiveincomelossnetoftaxportionattributabletoparent": -178000000,
        "comprehensiveincomenetoftax": -559000000,
        "premiumsearnednet": -12800000000,
        "salesrevenueservicesnet": -125000000,
        "investmentincomeinterestanddividend": -49000000,
        "revenues": 9020000000,
        "policyholderbenefitsandclaimsincurredhealthcare": -30500000000,
        "sellinggeneralandadministrativeexpense": 1022000000,
        "depreciationandamortizationincomestatement": 29000000,
        "benefitslossesandexpenses": 9594000000,
        "operatingincomeloss": -574000000,
        "interestexpense": 48000000,
        "incomelossfromcontinuingoperationsbeforeincometaxesminorityinterestandincomelossfromequitymethodinvestments": -527000000,
        "incometaxexpensebenefit": -1150000000,
        "earningspersharebasic": -2.55,
        "earningspersharediluted": -2.53,
        "commonstockdividendspersharedeclared": 0.28999999999999987
    },
    {
        "date": "2016-09-29",
        "symbol": "HUM",
        "period": "Q3",
        "netincomeloss": 450000000,
        "othercomprehensiveincomeunrealizedholdinggainlossonsecuritiesarisingduringperiodbeforetax": -9000000,
        "othercomprehensiveincomeunrealizedholdinggainlossonsecuritiesarisingduringperiodtax": -3000000,
        "othercomprehensiveincomeunrealizedholdinggainlossonsecuritiesarisingduringperiodnetoftax": -6000000,
        "othercomprehensiveincomelossreclassificationadjustmentfromaociforsaleofsecuritiesbeforetax": 26000000,
        "othercomprehensiveincomelossreclassificationadjustmentfromaociforsaleofsecuritiestax": 10000000,
        "othercomprehensiveincomelossreclassificationadjustmentfromaociforsaleofsecuritiesnetoftax": 16000000,
        "othercomprehensiveincomelossnetoftaxportionattributabletoparent": -22000000,
        "comprehensiveincomenetoftax": 428000000,
        "premiumsearnednet": 318000000,
        "salesrevenueservicesnet": 69000000,
        "investmentincomeinterestanddividend": 25000000,
        "revenues": 11784000000,
        "policyholderbenefitsandclaimsincurredhealthcare": 9771000000,
        "sellinggeneralandadministrativeexpense": 1308000000,
        "depreciationandamortizationincomestatement": 61000000,
        "benefitslossesandexpenses": 11140000000,
        "operatingincomeloss": 644000000,
        "interestexpense": 47000000,
        "incomelossfromcontinuingoperationsbeforeincometaxesminorityinterestandincomelossfromequitymethodinvestments": 644000000,
        "incometaxexpensebenefit": 452000000,
        "earningspersharebasic": 3.01,
        "earningspersharediluted": 2.98,
        "commonstockdividendspersharedeclared": 0.29
    },
    {
        "date": "2016-06-29",
        "symbol": "HUM",
        "period": "Q2",
        "netincomeloss": 311000000,
        "othercomprehensiveincomeunrealizedholdinggainlossonsecuritiesarisingduringperiodbeforetax": 111000000,
        "othercomprehensiveincomeunrealizedholdinggainlossonsecuritiesarisingduringperiodtax": 41000000,
        "othercomprehensiveincomeunrealizedholdinggainlossonsecuritiesarisingduringperiodnetoftax": 70000000,
        "othercomprehensiveincomelossreclassificationadjustmentfromaociforsaleofsecuritiesbeforetax": 19000000,
        "othercomprehensiveincomelossreclassificationadjustmentfromaociforsaleofsecuritiestax": 7000000,
        "othercomprehensiveincomelossreclassificationadjustmentfromaociforsaleofsecuritiesnetoftax": 12000000,
        "othercomprehensiveincomelossnetoftaxportionattributabletoparent": 58000000,
        "comprehensiveincomenetoftax": 369000000,
        "premiumsearnednet": 321000000,
        "salesrevenueservicesnet": 74000000,
        "investmentincomeinterestanddividend": 25000000,
        "revenues": 12051000000,
        "policyholderbenefitsandclaimsincurredhealthcare": 10432000000,
        "sellinggeneralandadministrativeexpense": 1241000000,
        "depreciationandamortizationincomestatement": 58000000,
        "benefitslossesandexpenses": 11731000000,
        "operatingincomeloss": 320000000,
        "interestexpense": 47000000,
        "incomelossfromcontinuingoperationsbeforeincometaxesminorityinterestandincomelossfromequitymethodinvestments": 320000000,
        "incometaxexpensebenefit": 325000000,
        "earningspersharebasic": 2.08,
        "earningspersharediluted": 2.06,
        "commonstockdividendspersharedeclared": 0.29
    },
    {
        "date": "2016-03-30",
        "symbol": "HUM",
        "period": "Q1",
        "netincomeloss": 234000000,
        "othercomprehensiveincomeunrealizedholdinggainlossonsecuritiesarisingduringperiodbeforetax": 48000000,
        "othercomprehensiveincomeunrealizedholdinggainlossonsecuritiesarisingduringperiodtax": 17000000,
        "othercomprehensiveincomeunrealizedholdinggainlossonsecuritiesarisingduringperiodnetoftax": 31000000,
        "othercomprehensiveincomelossreclassificationadjustmentfromaociforsaleofsecuritiesbeforetax": 20000000,
        "othercomprehensiveincomelossreclassificationadjustmentfromaociforsaleofsecuritiestax": 7000000,
        "othercomprehensiveincomelossreclassificationadjustmentfromaociforsaleofsecuritiesnetoftax": 13000000,
        "othercomprehensiveincomelossnetoftaxportionattributabletoparent": 18000000,
        "comprehensiveincomenetoftax": 252000000,
        "premiumsearnednet": 13440000000,
        "salesrevenueservicesnet": 260000000,
        "investmentincomeinterestanddividend": 100000000,
        "revenues": 13800000000,
        "policyholderbenefitsandclaimsincurredhealthcare": 11397000000,
        "sellinggeneralandadministrativeexpense": 1768000000,
        "depreciationandamortizationincomestatement": 88000000,
        "benefitslossesandexpenses": 13253000000,
        "operatingincomeloss": 547000000,
        "interestexpense": 47000000,
        "incomelossfromcontinuingoperationsbeforeincometaxesminorityinterestandincomelossfromequitymethodinvestments": 500000000,
        "incometaxexpensebenefit": 266000000,
        "earningspersharebasic": 1.57,
        "earningspersharediluted": 1.56,
        "commonstockdividendspersharedeclared": 0.29
    },
    {
        "date": "2015-12-30",
        "symbol": "HUM",
        "period": "Q4",
        "netincomeloss": 101000000,
        "othercomprehensiveincomeunrealizedholdinggainlossonsecuritiesarisingduringperiodbeforetax": -66000000,
        "othercomprehensiveincomeunrealizedholdinggainlossonsecuritiesarisingduringperiodtax": -24000000,
        "othercomprehensiveincomeunrealizedholdinggainlossonsecuritiesarisingduringperiodnetoftax": -42000000,
        "othercomprehensiveincomelossreclassificationadjustmentfromaociforsaleofsecuritiesbeforetax": 58000000,
        "othercomprehensiveincomelossreclassificationadjustmentfromaociforsaleofsecuritiestax": 21000000,
        "othercomprehensiveincomelossreclassificationadjustmentfromaociforsaleofsecuritiesnetoftax": 37000000,
        "othercomprehensiveincomelossnetoftaxportionattributabletoparent": -79000000,
        "comprehensiveincomenetoftax": 22000000,
        "premiumsearnednet": 326000000,
        "salesrevenueservicesnet": 76000000,
        "investmentincomeinterestanddividend": 38000000,
        "revenues": 11359000000,
        "policyholderbenefitsandclaimsincurredhealthcare": -28744000000,
        "sellinggeneralandadministrativeexpense": 1410000000,
        "benefitslossesandexpenses": 11389000000,
        "operatingincomeloss": -30000000,
        "interestexpense": 46000000,
        "incomelossfromcontinuingoperationsbeforeincometaxesminorityinterestandincomelossfromequitymethodinvestments": -30000000,
        "incometaxexpensebenefit": -1080000000,
        "earningspersharebasic": 0.69,
        "earningspersharediluted": 0.6699999999999999,
        "commonstockdividendspersharedeclared": 0.2899999999999998
    },
    {
        "date": "2015-09-29",
        "symbol": "HUM",
        "period": "Q3",
        "netincomeloss": 314000000,
        "othercomprehensiveincomeunrealizedholdinggainlossonsecuritiesarisingduringperiodbeforetax": 25000000,
        "othercomprehensiveincomeunrealizedholdinggainlossonsecuritiesarisingduringperiodtax": 9000000,
        "othercomprehensiveincomeunrealizedholdinggainlossonsecuritiesarisingduringperiodnetoftax": 16000000,
        "othercomprehensiveincomelossreclassificationadjustmentfromaociforsaleofsecuritiesbeforetax": 51000000,
        "othercomprehensiveincomelossreclassificationadjustmentfromaociforsaleofsecuritiestax": 19000000,
        "othercomprehensiveincomelossreclassificationadjustmentfromaociforsaleofsecuritiesnetoftax": 32000000,
        "othercomprehensiveincomelossnetoftaxportionattributabletoparent": -16000000,
        "comprehensiveincomenetoftax": 298000000,
        "premiumsearnednet": -12589000000,
        "salesrevenueservicesnet": -103000000,
        "investmentincomeinterestanddividend": -30000000,
        "revenues": 9168000000,
        "policyholderbenefitsandclaimsincurredhealthcare": 8708000000,
        "sellinggeneralandadministrativeexpense": 550000000,
        "depreciationandamortizationincomestatement": 0,
        "benefitslossesandexpenses": 9258000000,
        "operatingincomeloss": -90000000,
        "interestexpense": 47000000,
        "incomelossfromcontinuingoperationsbeforeincometaxesminorityinterestandincomelossfromequitymethodinvestments": -44000000,
        "incometaxexpensebenefit": 334000000,
        "earningspersharebasic": 2.11,
        "earningspersharediluted": 2.1,
        "commonstockdividendspersharedeclared": 0.29000000000000004
    },
    {
        "date": "2015-06-29",
        "symbol": "HUM",
        "period": "Q2",
        "netincomeloss": 431000000,
        "othercomprehensiveincomeunrealizedholdinggainlossonsecuritiesarisingduringperiodbeforetax": -87000000,
        "othercomprehensiveincomeunrealizedholdinggainlossonsecuritiesarisingduringperiodtax": -32000000,
        "othercomprehensiveincomeunrealizedholdinggainlossonsecuritiesarisingduringperiodnetoftax": -55000000,
        "othercomprehensiveincomelossreclassificationadjustmentfromaociforsaleofsecuritiesbeforetax": 28000000,
        "othercomprehensiveincomelossreclassificationadjustmentfromaociforsaleofsecuritiestax": 9000000,
        "othercomprehensiveincomelossreclassificationadjustmentfromaociforsaleofsecuritiesnetoftax": 19000000,
        "othercomprehensiveincomelossnetoftaxportionattributabletoparent": -74000000,
        "comprehensiveincomenetoftax": 357000000,
        "premiumsearnednet": 331000000,
        "salesrevenueservicesnet": 232000000,
        "investmentincomeinterestanddividend": 31000000,
        "revenues": 11588000000,
        "policyholderbenefitsandclaimsincurredhealthcare": 10068000000,
        "sellinggeneralandadministrativeexpense": 1213000000,
        "depreciationandamortizationincomestatement": 47000000,
        "benefitslossesandexpenses": 11328000000,
        "operatingincomeloss": 260000000,
        "gainlossonsaleofbusiness": 267000000,
        "interestexpense": 47000000,
        "incomelossfromcontinuingoperationsbeforeincometaxesminorityinterestandincomelossfromequitymethodinvestments": 260000000,
        "incometaxexpensebenefit": 362000000,
        "earningspersharebasic": 2.88,
        "earningspersharediluted": 2.85,
        "commonstockdividendspersharedeclared": 0.29
    },
    {
        "date": "2015-03-30",
        "symbol": "HUM",
        "period": "Q1",
        "netincomeloss": 430000000,
        "othercomprehensiveincomeunrealizedholdinggainlossonsecuritiesarisingduringperiodbeforetax": 14000000,
        "othercomprehensiveincomeunrealizedholdinggainlossonsecuritiesarisingduringperiodtax": 5000000,
        "othercomprehensiveincomeunrealizedholdinggainlossonsecuritiesarisingduringperiodnetoftax": 9000000,
        "othercomprehensiveincomelossreclassificationadjustmentfromaociforsaleofsecuritiesbeforetax": 9000000,
        "othercomprehensiveincomelossreclassificationadjustmentfromaociforsaleofsecuritiestax": 4000000,
        "othercomprehensiveincomelossreclassificationadjustmentfromaociforsaleofsecuritiesnetoftax": 5000000,
        "othercomprehensiveincomelossnetoftaxportionattributabletoparent": 4000000,
        "comprehensiveincomenetoftax": 434000000,
        "premiumsearnednet": 13248000000,
        "salesrevenueservicesnet": 490000000,
        "investmentincomeinterestanddividend": 95000000,
        "revenues": 13833000000,
        "policyholderbenefitsandclaimsincurredhealthcare": 11005000000,
        "sellinggeneralandadministrativeexpense": 1945000000,
        "depreciationandamortizationincomestatement": 93000000,
        "benefitslossesandexpenses": 13043000000,
        "operatingincomeloss": 790000000,
        "interestexpense": 46000000,
        "incomelossfromcontinuingoperationsbeforeincometaxesminorityinterestandincomelossfromequitymethodinvestments": 744000000,
        "incometaxexpensebenefit": 314000000,
        "earningspersharebasic": 2.86,
        "earningspersharediluted": 2.82,
        "commonstockdividendspersharedeclared": 0.28
    },
    {
        "date": "2014-12-30",
        "symbol": "HUM",
        "period": "Q4",
        "netincomeloss": 145000000,
        "othercomprehensiveincomeunrealizedholdinggainlossonsecuritiesarisingduringperiodbeforetax": -6000000,
        "othercomprehensiveincomeunrealizedholdinggainlossonsecuritiesarisingduringperiodtax": -3000000,
        "othercomprehensiveincomeunrealizedholdinggainlossonsecuritiesarisingduringperiodnetoftax": -3000000,
        "othercomprehensiveincomelossreclassificationadjustmentfromaociforsaleofsecuritiesbeforetax": 11000000,
        "othercomprehensiveincomelossreclassificationadjustmentfromaociforsaleofsecuritiesnetoftax": 7000000,
        "othercomprehensiveincomelossnetoftaxportionattributabletoparent": -10000000,
        "comprehensiveincomenetoftax": 135000000,
        "premiumsearnednet": 387000000,
        "salesrevenueservicesnet": 588000000,
        "investmentincomeinterestanddividend": -34000000,
        "revenues": 42803000000,
        "policyholderbenefitsandclaimsincurredhealthcare": 28883000000,
        "sellinggeneralandadministrativeexpense": 12710000000,
        "depreciationandamortizationincomestatement": 189000000,
        "benefitslossesandexpenses": 36964000000,
        "operatingincomeloss": 1021000000,
        "interestexpense": 84000000,
        "incomelossfromcontinuingoperationsbeforeincometaxesminorityinterestandincomelossfromequitymethodinvestments": 903000000,
        "incometaxexpensebenefit": -962000000,
        "earningspersharebasic": 0.98,
        "earningspersharediluted": 0.9699999999999998,
        "commonstockdividendspersharedeclared": 0.28
    },
    {
        "date": "2014-09-29",
        "symbol": "HUM",
        "period": "Q3",
        "netincomeloss": 290000000,
        "othercomprehensiveincomeunrealizedholdinggainlossonsecuritiesarisingduringperiodbeforetax": -36000000,
        "othercomprehensiveincomeunrealizedholdinggainlossonsecuritiesarisingduringperiodtax": -13000000,
        "othercomprehensiveincomeunrealizedholdinggainlossonsecuritiesarisingduringperiodnetoftax": -23000000,
        "othercomprehensiveincomelossreclassificationadjustmentfromaociforsaleofsecuritiesbeforetax": 6000000,
        "othercomprehensiveincomelossreclassificationadjustmentfromaociforsaleofsecuritiestax": 2000000,
        "othercomprehensiveincomelossreclassificationadjustmentfromaociforsaleofsecuritiesnetoftax": 4000000,
        "othercomprehensiveincomelossnetoftaxportionattributabletoparent": -27000000,
        "comprehensiveincomenetoftax": 263000000,
        "premiumsearnednet": 292000000,
        "salesrevenueservicesnet": 10000000,
        "investmentincomeinterestanddividend": 15000000,
        "revenues": 141000000,
        "policyholderbenefitsandclaimsincurredhealthcare": 27000000,
        "sellinggeneralandadministrativeexpense": 96000000,
        "depreciationandamortizationincomestatement": 4000000,
        "benefitslossesandexpenses": 4945000000,
        "operatingincomeloss": 14000000,
        "interestexpense": 38000000,
        "incomelossfromcontinuingoperationsbeforeincometaxesminorityinterestandincomelossfromequitymethodinvestments": 202000000,
        "incometaxexpensebenefit": 261000000,
        "earningspersharebasic": 1.87,
        "earningspersharediluted": 1.85,
        "commonstockdividendspersharedeclared": 0.28
    },
    {
        "date": "2014-06-29",
        "symbol": "HUM",
        "period": "Q2",
        "premiumsearnednet": 341000000,
        "salesrevenueservicesnet": 313000000,
        "investmentincomeinterestanddividend": 48000000,
        "revenues": -4603000000,
        "policyholderbenefitsandclaimsincurredhealthcare": -155000000,
        "sellinggeneralandadministrativeexpense": -4468000000,
        "depreciationandamortizationincomestatement": -20000000,
        "benefitslossesandexpenses": -4643000000,
        "operatingincomeloss": 40000000,
        "interestexpense": 35000000,
        "incomelossfromcontinuingoperationsbeforeincometaxesminorityinterestandincomelossfromequitymethodinvestments": 5000000,
        "incometaxexpensebenefit": 302000000,
        "netincomeloss": 344000000,
        "earningspersharebasic": 2.22,
        "earningspersharediluted": 2.19,
        "commonstockdividendspersharedeclared": 0.28,
        "othercomprehensiveincomeunrealizedholdinggainlossonsecuritiesarisingduringperiodbeforetax": 56000000,
        "othercomprehensiveincomeunrealizedholdinggainlossonsecuritiesarisingduringperiodtax": 21000000,
        "othercomprehensiveincomeunrealizedholdinggainlossonsecuritiesarisingduringperiodnetoftax": 35000000,
        "othercomprehensiveincomelossreclassificationadjustmentfromaociforsaleofsecuritiesbeforetax": 2000000,
        "othercomprehensiveincomelossreclassificationadjustmentfromaociforsaleofsecuritiestax": 1000000,
        "othercomprehensiveincomelossreclassificationadjustmentfromaociforsaleofsecuritiesnetoftax": 1000000,
        "othercomprehensiveincomelossnetoftaxportionattributabletoparent": 34000000,
        "comprehensiveincomenetoftax": 378000000
    },
    {
        "date": "2014-03-30",
        "symbol": "HUM",
        "period": "Q1",
        "premiumsearnednet": 334000000,
        "salesrevenueservicesnet": 295000000,
        "investmentincomeinterestanddividend": 47000000,
        "revenues": -4272000000,
        "policyholderbenefitsandclaimsincurredhealthcare": -147000000,
        "sellinggeneralandadministrativeexpense": -4129000000,
        "depreciationandamortizationincomestatement": -19000000,
        "benefitslossesandexpenses": -4295000000,
        "operatingincomeloss": 23000000,
        "interestexpense": 35000000,
        "incomelossfromcontinuingoperationsbeforeincometaxesminorityinterestandincomelossfromequitymethodinvestments": -12000000,
        "incometaxexpensebenefit": 318000000,
        "netincomeloss": 368000000,
        "earningspersharebasic": 2.37,
        "earningspersharediluted": 2.35,
        "commonstockdividendspersharedeclared": 0.27,
        "othercomprehensiveincomeunrealizedholdinggainlossonsecuritiesarisingduringperiodbeforetax": 108000000,
        "othercomprehensiveincomeunrealizedholdinggainlossonsecuritiesarisingduringperiodtax": 39000000,
        "othercomprehensiveincomeunrealizedholdinggainlossonsecuritiesarisingduringperiodnetoftax": 69000000,
        "othercomprehensiveincomelossreclassificationadjustmentfromaociforsaleofsecuritiesbeforetax": 1000000,
        "othercomprehensiveincomelossreclassificationadjustmentfromaociforsaleofsecuritiesnetoftax": 1000000,
        "othercomprehensiveincomelossnetoftaxportionattributabletoparent": 68000000,
        "comprehensiveincomenetoftax": 436000000
    },
    {
        "date": "2013-09-29",
        "symbol": "HUM",
        "period": "Q3",
        "premiumsearnednet": 327000000,
        "salesrevenueservicesnet": 316000000,
        "investmentincomeinterestanddividend": 49000000,
        "revenues": -3630000000,
        "policyholderbenefitsandclaimsincurredhealthcare": -118000000,
        "sellinggeneralandadministrativeexpense": -3530000000,
        "depreciationandamortizationincomestatement": -17000000,
        "benefitslossesandexpenses": -3665000000,
        "operatingincomeloss": 35000000,
        "interestexpense": 35000000,
        "incomelossfromcontinuingoperationsbeforeincometaxesminorityinterestandincomelossfromequitymethodinvestments": 156000000,
        "incometaxexpensebenefit": 218000000,
        "netincomeloss": 368000000,
        "earningspersharebasic": 2.34,
        "earningspersharediluted": 2.31,
        "commonstockdividendspersharedeclared": 0.27,
        "othercomprehensiveincomeunrealizedholdinggainlossonsecuritiesarisingduringperiodbeforetax": -16000000,
        "othercomprehensiveincomeunrealizedholdinggainlossonsecuritiesarisingduringperiodtax": -6000000,
        "othercomprehensiveincomeunrealizedholdinggainlossonsecuritiesarisingduringperiodnetoftax": -10000000,
        "othercomprehensiveincomelossreclassificationadjustmentfromaociforsaleofsecuritiesbeforetax": 4000000,
        "othercomprehensiveincomelossreclassificationadjustmentfromaociforsaleofsecuritiestax": 1000000,
        "othercomprehensiveincomelossreclassificationadjustmentfromaociforsaleofsecuritiesnetoftax": 3000000,
        "othercomprehensiveincomelossnetoftaxportionattributabletoparent": -13000000,
        "comprehensiveincomenetoftax": 355000000
    },
    {
        "date": "2013-06-29",
        "symbol": "HUM",
        "period": "Q2",
        "premiumsearnednet": 5000000,
        "salesrevenueservicesnet": 317000000,
        "investmentincomeinterestanddividend": 10000000,
        "revenues": 3864000000,
        "policyholderbenefitsandclaimsincurredhealthcare": 2235000000,
        "sellinggeneralandadministrativeexpense": 3697000000,
        "depreciationandamortizationincomestatement": 36000000,
        "benefitslossesandexpenses": 3733000000,
        "operatingincomeloss": 131000000,
        "interestexpense": 35000000,
        "incomelossfromcontinuingoperationsbeforeincometaxesminorityinterestandincomelossfromequitymethodinvestments": 131000000,
        "incometaxexpensebenefit": 234000000,
        "netincomeloss": 420000000,
        "earningspersharebasic": 2.66,
        "earningspersharediluted": 2.63,
        "commonstockdividendspersharedeclared": 0.27,
        "othercomprehensiveincomeunrealizedholdinggainlossonsecuritiesarisingduringperiodbeforetax": -183000000,
        "othercomprehensiveincomeunrealizedholdinggainlossonsecuritiesarisingduringperiodtax": -67000000,
        "othercomprehensiveincomeunrealizedholdinggainlossonsecuritiesarisingduringperiodnetoftax": -116000000,
        "othercomprehensiveincomelossreclassificationadjustmentforsaleofsecuritiesincludedinnetincomebeforetax": -6000000,
        "othercomprehensiveincomelossreclassificationadjustmentforsaleofsecuritiesincludedinnetincometax": -2000000,
        "othercomprehensiveincomelossreclassificationadjustmentforsaleofsecuritiesincludedinnetincomenetoftax": -4000000,
        "othercomprehensiveincomelossnetoftaxportionattributabletoparent": -120000000,
        "comprehensiveincomenetoftax": 300000000
    },
    {
        "date": "2013-03-30",
        "symbol": "HUM",
        "period": "Q1",
        "premiumsearnednet": 11000000,
        "salesrevenueservicesnet": 310000000,
        "investmentincomeinterestanddividend": 11000000,
        "revenues": 3718000000,
        "policyholderbenefitsandclaimsincurredhealthcare": 2177000000,
        "sellinggeneralandadministrativeexpense": 3557000000,
        "depreciationandamortizationincomestatement": 36000000,
        "benefitslossesandexpenses": 3593000000,
        "operatingincomeloss": 125000000,
        "interestexpense": 35000000,
        "incomelossfromcontinuingoperationsbeforeincometaxesminorityinterestandincomelossfromequitymethodinvestments": 125000000,
        "incometaxexpensebenefit": 257000000,
        "netincomeloss": 473000000,
        "earningspersharebasic": 2.97,
        "earningspersharediluted": 2.95,
        "commonstockdividendspersharedeclared": 0.26,
        "othercomprehensiveincomeunrealizedholdinggainlossonsecuritiesarisingduringperiodbeforetax": -87000000,
        "othercomprehensiveincomeunrealizedholdinggainlossonsecuritiesarisingduringperiodtax": -32000000,
        "othercomprehensiveincomeunrealizedholdinggainlossonsecuritiesarisingduringperiodnetoftax": -55000000,
        "othercomprehensiveincomelossreclassificationadjustmentforsaleofsecuritiesincludedinnetincomebeforetax": -5000000,
        "othercomprehensiveincomelossreclassificationadjustmentforsaleofsecuritiesincludedinnetincometax": -2000000,
        "othercomprehensiveincomelossreclassificationadjustmentforsaleofsecuritiesincludedinnetincomenetoftax": -3000000,
        "othercomprehensiveincomelossnetoftaxportionattributabletoparent": -58000000,
        "comprehensiveincomenetoftax": 415000000
    },
    {
        "date": "2012-12-30",
        "symbol": "HUM",
        "period": "Q4",
        "premiumsearnednet": 866000000,
        "salesrevenueservicesnet": 331000000,
        "investmentincomeinterestanddividend": -30000000,
        "revenues": 8297000000,
        "policyholderbenefitsandclaimsincurredhealthcare": 4379000000,
        "sellinggeneralandadministrativeexpense": 3808000000,
        "depreciationandamortizationincomestatement": 45000000,
        "benefitslossesandexpenses": 8232000000,
        "operatingincomeloss": 65000000,
        "interestexpense": 27000000,
        "incomelossfromcontinuingoperationsbeforeincometaxesminorityinterestandincomelossfromequitymethodinvestments": 91000000,
        "incometaxexpensebenefit": -701000000,
        "netincomeloss": 192000000,
        "earningspersharebasic": 1.2100000000000002,
        "earningspersharediluted": 1.1999999999999995,
        "commonstockdividendspersharedeclared": 0.26,
        "othercomprehensiveincomeunrealizedholdinggainlossonsecuritiesarisingduringperiodtax": -1000000,
        "othercomprehensiveincomeunrealizedholdinggainlossonsecuritiesarisingduringperiodnetoftax": -3000000,
        "othercomprehensiveincomelossnetoftaxportionattributabletoparent": -11000000
    },
    {
        "date": "2012-09-29",
        "symbol": "HUM",
        "period": "Q3",
        "premiumsearnednet": 69000000,
        "salesrevenueservicesnet": 271000000,
        "investmentincomeinterestanddividend": 11000000,
        "revenues": 2654000000,
        "policyholderbenefitsandclaimsincurredhealthcare": 2178000000,
        "sellinggeneralandadministrativeexpense": 413000000,
        "depreciationandamortizationincomestatement": 20000000,
        "benefitslossesandexpenses": 2611000000,
        "operatingincomeloss": 43000000,
        "interestexpense": 26000000,
        "incomelossfromcontinuingoperationsbeforeincometaxesminorityinterestandincomelossfromequitymethodinvestments": 43000000,
        "incometaxexpensebenefit": 249000000,
        "netincomeloss": 426000000,
        "earningspersharebasic": 2.65,
        "earningspersharediluted": 2.62,
        "commonstockdividendspersharedeclared": 0.26,
        "othercomprehensiveincomeunrealizedholdinggainlossonsecuritiesarisingduringperiodbeforetax": 116000000,
        "othercomprehensiveincomeunrealizedholdinggainlossonsecuritiesarisingduringperiodtax": 42000000,
        "othercomprehensiveincomeunrealizedholdinggainlossonsecuritiesarisingduringperiodnetoftax": 74000000,
        "othercomprehensiveincomelossreclassificationadjustmentforsaleofsecuritiesincludedinnetincomebeforetax": -6000000,
        "othercomprehensiveincomelossreclassificationadjustmentforsaleofsecuritiesincludedinnetincometax": -2000000,
        "othercomprehensiveincomelossreclassificationadjustmentforsaleofsecuritiesincludedinnetincomenetoftax": -4000000,
        "othercomprehensiveincomelossnetoftaxportionattributabletoparent": 70000000,
        "comprehensiveincomenetoftax": 496000000
    },
    {
        "date": "2012-06-29",
        "symbol": "HUM",
        "period": "Q2",
        "premiumsearnednet": 44000000,
        "salesrevenueservicesnet": 185000000,
        "investmentincomeinterestanddividend": 10000000,
        "revenues": 2625000000,
        "policyholderbenefitsandclaimsincurredhealthcare": 2074000000,
        "sellinggeneralandadministrativeexpense": 417000000,
        "depreciationandamortizationincomestatement": 20000000,
        "benefitslossesandexpenses": 2511000000,
        "operatingincomeloss": 114000000,
        "interestexpense": 26000000,
        "incomelossfromcontinuingoperationsbeforeincometaxesminorityinterestandincomelossfromequitymethodinvestments": 114000000,
        "incometaxexpensebenefit": 208000000,
        "netincomeloss": 356000000,
        "earningspersharebasic": 2.19,
        "earningspersharediluted": 2.16,
        "commonstockdividendspersharedeclared": 0.26,
        "othercomprehensiveincomeunrealizedholdinggainlossonsecuritiesarisingduringperiodbeforetax": 31000000,
        "othercomprehensiveincomeunrealizedholdinggainlossonsecuritiesarisingduringperiodtax": 11000000,
        "othercomprehensiveincomeunrealizedholdinggainlossonsecuritiesarisingduringperiodnetoftax": 20000000,
        "othercomprehensiveincomereclassificationadjustmentforsaleofsecuritiesincludedinnetincomebeforetax": 10000000,
        "othercomprehensiveincomereclassificationadjustmentforsaleofsecuritiesincludedinnetincometax": 4000000,
        "othercomprehensiveincomereclassificationadjustmentforsaleofsecuritiesincludedinnetincomenetoftax": 6000000,
        "othercomprehensiveincomelossnetoftaxportionattributabletoparent": 14000000,
        "comprehensiveincomenetoftaxincludingportionattributabletononcontrollinginterest": 370000000
    },
    {
        "date": "2012-03-30",
        "symbol": "HUM",
        "period": "Q1",
        "premiumsearnednet": 38000000,
        "salesrevenueservicesnet": 233000000,
        "investmentincomeinterestanddividend": 51000000,
        "revenues": -3023000000,
        "policyholderbenefitsandclaimsincurredhealthcare": -107000000,
        "sellinggeneralandadministrativeexpense": -2942000000,
        "depreciationandamortizationincomestatement": -5000000,
        "benefitslossesandexpenses": -3054000000,
        "operatingincomeloss": 31000000,
        "interestexpense": 26000000,
        "incomelossfromcontinuingoperationsbeforeincometaxesminorityinterestandincomelossfromequitymethodinvestments": 5000000,
        "incometaxexpensebenefit": 142000000,
        "netincomeloss": 248000000,
        "earningspersharebasic": 1.51,
        "earningspersharediluted": 1.49,
        "commonstockdividendspersharedeclared": 0.25,
        "othercomprehensiveincomeunrealizedholdinggainlossonsecuritiesarisingduringperiodnetoftax": 13000000,
        "othercomprehensiveincomereclassificationadjustmentforsaleofsecuritiesincludedinnetincomenetoftax": 3000000,
        "othercomprehensiveincomelossnetoftaxportionattributabletoparent": 10000000,
        "comprehensiveincomenetoftaxincludingportionattributabletononcontrollinginterest": 258000000,
        "othercomprehensiveincomeunrealizedholdinggainlossonsecuritiesarisingduringperiodtax": 8000000,
        "othercomprehensiveincomereclassificationadjustmentforsaleofsecuritiesincludedinnetincometax": 1000000
    },
    {
        "date": "2011-09-29",
        "symbol": "HUM",
        "period": "Q3",
        "premiumsearnednet": 33149000,
        "salesrevenueservicesnet": 233608000,
        "investmentincomeinterestanddividend": 46669000,
        "revenues": -2548174000,
        "policyholderbenefitsandclaimsincurredhealthcare": -76315000,
        "sellinggeneralandadministrativeexpense": -2491982000,
        "depreciationandamortizationincomestatement": -7069000,
        "benefitslossesandexpenses": -2575366000,
        "operatingincomeloss": 27192000,
        "interestexpense": 27065000,
        "incomelossfromcontinuingoperationsbeforeincometaxesminorityinterestandincomelossfromequitymethodinvestments": 127000,
        "incometaxexpensebenefit": 253960000,
        "netincomeloss": 444760000,
        "earningspersharebasic": 2.71,
        "earningspersharediluted": 2.67,
        "commonstockdividendspersharedeclared": 0.25
    },
    {
        "date": "2011-06-29",
        "symbol": "HUM",
        "period": "Q2",
        "premiumsearnednet": 29580000,
        "salesrevenueservicesnet": 222401000,
        "investmentincomeinterestanddividend": 47133000,
        "revenues": -2463739000,
        "policyholderbenefitsandclaimsincurredhealthcare": -69409000,
        "sellinggeneralandadministrativeexpense": -2420438000,
        "depreciationandamortizationincomestatement": -9397000,
        "benefitslossesandexpenses": -2499244000,
        "operatingincomeloss": 35505000,
        "interestexpense": 27663000,
        "incomelossfromcontinuingoperationsbeforeincometaxesminorityinterestandincomelossfromequitymethodinvestments": 7842000,
        "incometaxexpensebenefit": 266227000,
        "netincomeloss": 460287000,
        "earningspersharebasic": 2.76,
        "earningspersharediluted": 2.71,
        "commonstockdividendspersharedeclared": 0.25
    },
    {
        "date": "2011-03-30",
        "symbol": "HUM",
        "period": "Q1",
        "premiumsearnednet": 25775000,
        "salesrevenueservicesnet": 215046000,
        "investmentincomeinterestanddividend": 18996000,
        "revenues": 5330630000,
        "policyholderbenefitsandclaimsincurredhealthcare": 4554243000,
        "sellinggeneralandadministrativeexpense": 1255843000,
        "depreciationandamortizationincomestatement": 26985000,
        "benefitslossesandexpenses": 5113640000,
        "operatingincomeloss": 216990000,
        "interestexpense": 27228000,
        "incomelossfromcontinuingoperationsbeforeincometaxesminorityinterestandincomelossfromequitymethodinvestments": 216990000,
        "incometaxexpensebenefit": 181608000,
        "netincomeloss": 315176000,
        "earningspersharebasic": 1.88,
        "earningspersharediluted": 1.86
    },
    {
        "date": "2010-09-29",
        "symbol": "HUM",
        "period": "Q3",
        "premiumsearnednet": 248269000,
        "administrativeservicesfees": 26948000,
        "investmentincomeinterestanddividend": 56857000,
        "otherincome": 1418000,
        "revenues": 6506151000,
        "policyholderbenefitsandclaimsincurredhealthcare": 5280899000,
        "sellinggeneralandadministrativeexpense": 614288000,
        "depreciationandamortization": 36918000,
        "benefitslossesandexpenses": 5932105000,
        "operatingincomeloss": 574046000,
        "interestexpense": 19899000,
        "incomelossfromcontinuingoperationsbeforeincometaxesminorityinterestandincomelossfromequitymethodinvestments": 554147000,
        "incometaxexpensebenefit": 229069000,
        "netincomeloss": 393221000,
        "earningspersharebasic": 2.35,
        "earningspersharediluted": 2.32
    },
    {
        "date": "2010-06-29",
        "symbol": "HUM",
        "period": "Q2",
        "premiumsearnednet": 1484020000,
        "administrativeservicesfees": 99493000,
        "investmentincomeinterestanddividend": 28271000,
        "otherincome": 67742000,
        "revenues": 1933403000,
        "policyholderbenefitsandclaimsincurredhealthcare": 1274768000,
        "sellinggeneralandadministrativeexpense": 612731000,
        "depreciationandamortization": 31783000,
        "benefitslossesandexpenses": 1919282000,
        "operatingincomeloss": 14121000,
        "interestexpense": 6636000,
        "incomelossfromcontinuingoperationsbeforeincometaxesminorityinterestandincomelossfromequitymethodinvestments": 7485000,
        "incometaxexpensebenefit": 195778000,
        "netincomeloss": 340076000,
        "earningspersharebasic": 2.02,
        "earningspersharediluted": 2
    },
    {
        "date": "2010-03-30",
        "symbol": "HUM",
        "period": "Q1",
        "premiumsearnednet": 8161863000,
        "administrativeservicesfees": 125882000,
        "investmentincomeinterestanddividend": 85455000,
        "otherincome": 67394000,
        "revenues": 8440594000,
        "policyholderbenefitsandclaimsincurredhealthcare": 6807555000,
        "sellinggeneralandadministrativeexpense": 1127043000,
        "depreciationandamortization": 62756000,
        "benefitslossesandexpenses": 7997354000,
        "operatingincomeloss": 443240000,
        "interestexpense": 26314000,
        "incomelossfromcontinuingoperationsbeforeincometaxesminorityinterestandincomelossfromequitymethodinvestments": 416926000,
        "incometaxexpensebenefit": 158158000,
        "netincomeloss": 258768000,
        "earningspersharebasic": 1.54,
        "earningspersharediluted": 1.52
    },
    {
        "date": "2009-09-29",
        "symbol": "HUM",
        "period": "Q3",
        "premiumsearnednet": 7444122000,
        "administrativeservicesfees": 133732000,
        "investmentincomeandother": 74861000,
        "otherincome": 64104000,
        "revenues": 7716819000,
        "policyholderbenefitsandclaimsincurredhealthcare": 6111351000,
        "sellinggeneralandadministrativeexpense": 1047773000,
        "depreciationandamortization": 62088000,
        "benefitslossesandexpenses": 7221212000,
        "operatingincomeloss": 495607000,
        "interestexpense": 26259000,
        "incomelossfromcontinuingoperationsbeforeincometaxesminorityinterestandincomelossfromequitymethodinvestments": 469348000,
        "incometaxexpensebenefit": 167829000,
        "netincomeloss": 301519000,
        "earningspersharebasic": 1.8,
        "earningspersharediluted": 1.78
    },
    {
        "date": "2009-06-29",
        "symbol": "HUM",
        "period": "Q2",
        "premiumsearnednet": 7642527000,
        "administrativeservicesfees": 118694000,
        "investmentincomeandother": 75340000,
        "otherincome": 62328000,
        "revenues": 7898889000,
        "policyholderbenefitsandclaimsincurrednet": 6367545000,
        "sellinggeneralandadministrativeexpense": 1004342000,
        "depreciationandamortization": 60478000,
        "benefitslossesandexpenses": 7432365000,
        "operatingincomeloss": 466524000,
        "interestexpense": 26574000,
        "incomelossfromcontinuingoperationsbeforeincometaxesminorityinterestandincomelossfromequitymethodinvestments": 439950000,
        "incometaxexpensebenefit": 158170000,
        "netincomeloss": 281780000,
        "earningspersharebasic": 1.68,
        "earningspersharediluted": 1.67
    }
]