[
    {
        "date": "2024-09-29",
        "symbol": "AMGN",
        "period": "Q3",
        "revenuefromcontractwithcustomerexcludingassessedtax": 45000000,
        "costofgoodsandservicessold": 3310000000,
        "researchanddevelopmentexpenseexcludingacquiredinprocesscost": 1450000000,
        "sellinggeneralandadministrativeexpense": 1625000000,
        "othergeneralexpenseincomeotheradjustments": 71000000,
        "costsandexpenses": 6456000000,
        "operatingincomeloss": 2047000000,
        "incomelossfromcontinuingoperationsbeforeincometaxesminorityinterestandincomelossfromequitymethodinvestments": 166000000,
        "interestexpensedebt": 776000000,
        "nonoperatingincomeexpense": 121000000,
        "incometaxexpensebenefit": 36000000,
        "netincomeloss": 130000000,
        "earningspersharebasic": 5.27,
        "earningspersharediluted": 5.22,
        "weightedaveragenumberofsharesoutstandingbasic": 537000000,
        "weightedaveragenumberofdilutedsharesoutstanding": 542000000,
        "othercomprehensiveincomeforeigncurrencytransactionandtranslationadjustmentnetoftaxportionattributabletoparent": 71000000,
        "othercomprehensiveincomelosscashflowhedgegainlossafterreclassificationandtaxparent": -253000000,
        "othercomprehensiveincomelossothergainslossesnetoftaxportionattributabletoparent": 1000000,
        "othercomprehensiveincomelossnetoftaxportionattributabletoparent": -181000000,
        "comprehensiveincomenetoftax": 2649000000
    },
    {
        "date": "2024-03-30",
        "symbol": "AMGN",
        "period": "Q1",
        "revenuefromcontractwithcustomerexcludingassessedtax": 7118000000,
        "costofgoodsandservicessold": 3200000000,
        "researchanddevelopmentexpenseexcludingacquiredinprocesscost": 1343000000,
        "sellinggeneralandadministrativeexpense": 1808000000,
        "othergeneralexpenseincomeotheradjustments": 105000000,
        "costsandexpenses": 6456000000,
        "operatingincomeloss": 991000000,
        "interestexpensedebt": 824000000,
        "nonoperatingincomeexpense": -235000000,
        "incomelossfromcontinuingoperationsbeforeincometaxesminorityinterestandincomelossfromequitymethodinvestments": -68000000,
        "incometaxexpensebenefit": 45000000,
        "netincomeloss": -113000000,
        "earningspersharebasic": -0.21,
        "earningspersharediluted": -0.21,
        "weightedaveragenumberofsharesoutstandingbasic": 536000000,
        "weightedaveragenumberofdilutedsharesoutstanding": 536000000,
        "othercomprehensiveincomeforeigncurrencytransactionandtranslationadjustmentnetoftaxportionattributabletoparent": -24000000,
        "othercomprehensiveincomelosscashflowhedgegainlossafterreclassificationandtaxparent": 126000000,
        "othercomprehensiveincomelossothergainslossesnetoftaxportionattributabletoparent": -3000000,
        "othercomprehensiveincomelossnetoftaxportionattributabletoparent": 99000000,
        "comprehensiveincomenetoftax": -14000000
    },
    {
        "date": "2023-12-30",
        "symbol": "AMGN",
        "period": "Q4",
        "revenuefromcontractwithcustomerexcludingassessedtax": 20274000000,
        "costofgoodsandservicessold": 3112000000,
        "researchanddevelopmentexpenseexcludingacquiredinprocesscost": 1534000000,
        "sellinggeneralandadministrativeexpense": 2274000000,
        "costsandexpenses": 6925000000,
        "operatingincomeloss": 1271000000,
        "interestexpensedebt": 821000000,
        "nonoperatingincomeexpense": 2119000000,
        "incomelossfromcontinuingoperationsbeforeincometaxesminorityinterestandincomelossfromequitymethodinvestments": 5791000000,
        "incometaxexpensebenefit": 896000000,
        "netincomeloss": 4895000000,
        "earningspersharebasic": 1.4299999999999997,
        "earningspersharediluted": 1.419999999999999,
        "weightedaveragenumberofsharesoutstandingbasic": 535000000,
        "weightedaveragenumberofdilutedsharesoutstanding": 538000000,
        "othercomprehensiveincomeforeigncurrencytransactionandtranslationadjustmentnetoftaxportionattributabletoparent": 55000000,
        "othercomprehensiveincomelosscashflowhedgegainlossafterreclassificationandtaxparent": -223000000,
        "othercomprehensiveincomelossothergainslossesnetoftaxportionattributabletoparent": 5000000,
        "othercomprehensiveincomelossnetoftaxportionattributabletoparent": -163000000,
        "comprehensiveincomenetoftax": 604000000
    },
    {
        "date": "2023-09-29",
        "symbol": "AMGN",
        "period": "Q3",
        "netincomeloss": 1730000000,
        "othercomprehensiveincomeforeigncurrencytransactionandtranslationadjustmentnetoftaxportionattributabletoparent": -44000000,
        "othercomprehensiveincomelosscashflowhedgegainlossafterreclassificationandtaxparent": 181000000,
        "othercomprehensiveincomelossothergainslossesnetoftaxportionattributabletoparent": 17000000,
        "othercomprehensiveincomelossnetoftaxportionattributabletoparent": 154000000,
        "comprehensiveincomenetoftax": 1884000000,
        "revenuefromcontractwithcustomerexcludingassessedtax": 6548000000,
        "costofgoodsandservicessold": 1806000000,
        "researchanddevelopmentexpenseexcludingacquiredinprocesscost": 1079000000,
        "sellinggeneralandadministrativeexpense": 1353000000,
        "othergeneralexpenseincomeotheradjustments": 644000000,
        "costsandexpenses": 4882000000,
        "operatingincomeloss": 2021000000,
        "interestexpensedebt": 759000000,
        "nonoperatingincomeexpense": 685000000,
        "incomelossfromcontinuingoperationsbeforeincometaxesminorityinterestandincomelossfromequitymethodinvestments": 1947000000,
        "incometaxexpensebenefit": 217000000,
        "earningspersharebasic": 3.23,
        "earningspersharediluted": 3.22,
        "weightedaveragenumberofsharesoutstandingbasic": 535000000,
        "weightedaveragenumberofdilutedsharesoutstanding": 538000000
    },
    {
        "date": "2023-06-29",
        "symbol": "AMGN",
        "period": "Q2",
        "netincomeloss": 68000000,
        "othercomprehensiveincomeforeigncurrencytransactionandtranslationadjustmentnetoftaxportionattributabletoparent": 11000000,
        "othercomprehensiveincomelosscashflowhedgegainlossafterreclassificationandtaxparent": -22000000,
        "othercomprehensiveincomelossothergainslossesnetoftaxportionattributabletoparent": -1000000,
        "othercomprehensiveincomelossnetoftaxportionattributabletoparent": -12000000,
        "comprehensiveincomenetoftax": 1367000000,
        "revenuefromcontractwithcustomerexcludingassessedtax": 36000000,
        "costofgoodsandservicessold": 1813000000,
        "researchanddevelopmentexpenseexcludingacquiredinprocesscost": 1113000000,
        "sellinggeneralandadministrativeexpense": 1294000000,
        "othergeneralexpenseincomeotheradjustments": 82000000,
        "costsandexpenses": 4302000000,
        "operatingincomeloss": 2684000000,
        "interestexpensedebt": 752000000,
        "nonoperatingincomeexpense": 51000000,
        "incomelossfromcontinuingoperationsbeforeincometaxesminorityinterestandincomelossfromequitymethodinvestments": 87000000,
        "incometaxexpensebenefit": 19000000,
        "earningspersharebasic": 2.58,
        "earningspersharediluted": 2.57,
        "weightedaveragenumberofsharesoutstandingbasic": 535000000,
        "weightedaveragenumberofdilutedsharesoutstanding": 537000000
    },
    {
        "date": "2023-03-30",
        "symbol": "AMGN",
        "period": "Q1",
        "netincomeloss": 24000000,
        "othercomprehensiveincomeforeigncurrencytransactionandtranslationadjustmentnetoftaxportionattributabletoparent": 28000000,
        "othercomprehensiveincomelosscashflowhedgegainlossafterreclassificationandtaxparent": -86000000,
        "othercomprehensiveincomelossothergainslossesnetoftaxportionattributabletoparent": 21000000,
        "othercomprehensiveincomelossnetoftaxportionattributabletoparent": -37000000,
        "comprehensiveincomenetoftax": 2804000000,
        "revenuefromcontractwithcustomerexcludingassessedtax": 52000000,
        "costofgoodsandservicessold": 1720000000,
        "researchanddevelopmentexpenseexcludingacquiredinprocesscost": 1058000000,
        "sellinggeneralandadministrativeexpense": 1258000000,
        "othergeneralexpenseincomeotheradjustments": 148000000,
        "costsandexpenses": 4184000000,
        "operatingincomeloss": 1921000000,
        "interestexpensedebt": 543000000,
        "nonoperatingincomeexpense": -22000000,
        "incomelossfromcontinuingoperationsbeforeincometaxesminorityinterestandincomelossfromequitymethodinvestments": 30000000,
        "incometaxexpensebenefit": 6000000,
        "earningspersharebasic": 5.32,
        "earningspersharediluted": 5.28,
        "weightedaveragenumberofsharesoutstandingbasic": 534000000,
        "weightedaveragenumberofdilutedsharesoutstanding": 538000000
    },
    {
        "date": "2022-12-30",
        "symbol": "AMGN",
        "period": "Q4",
        "revenuefromcontractwithcustomerexcludingassessedtax": 1872000000,
        "costofgoodsandservicessold": 1747000000,
        "researchanddevelopmentexpenseexcludingacquiredinprocesscost": 1324000000,
        "sellinggeneralandadministrativeexpense": 1572000000,
        "costsandexpenses": 4609000000,
        "operatingincomeloss": 2230000000,
        "interestexpensedebt": 415000000,
        "nonoperatingincomeexpense": 228000000,
        "incomelossfromcontinuingoperationsbeforeincometaxesminorityinterestandincomelossfromequitymethodinvestments": 310000000,
        "incometaxexpensebenefit": 861000000,
        "netincomeloss": 243000000,
        "earningspersharebasic": 3.02,
        "earningspersharediluted": 2.9999999999999987,
        "weightedaveragenumberofsharesoutstandingbasic": -1080000000,
        "weightedaveragenumberofdilutedsharesoutstanding": -1085000000,
        "othercomprehensiveincomeforeigncurrencytransactionandtranslationadjustmentnetoftaxportionattributabletoparent": 721000000,
        "othercomprehensiveincomelosscashflowhedgegainlossafterreclassificationandtaxparent": -311000000,
        "othercomprehensiveincomelossnetoftaxportionattributabletoparent": 421000000,
        "comprehensiveincomenetoftax": 2037000000
    },
    {
        "date": "2022-09-29",
        "symbol": "AMGN",
        "period": "Q3",
        "netincomeloss": -101000000,
        "othercomprehensiveincomeforeigncurrencytransactionandtranslationadjustmentnetoftaxportionattributabletoparent": -109000000,
        "othercomprehensiveincomelosscashflowhedgegainlossafterreclassificationandtaxparent": 138000000,
        "othercomprehensiveincomelossothergainslossesnetoftaxportionattributabletoparent": -9000000,
        "othercomprehensiveincomelossnetoftaxportionattributabletoparent": 20000000,
        "comprehensiveincomenetoftax": 2163000000,
        "revenuefromcontractwithcustomerexcludingassessedtax": 69000000,
        "costofgoodsandservicessold": 1588000000,
        "researchanddevelopmentexpenseexcludingacquiredinprocesscost": 1112000000,
        "sellinggeneralandadministrativeexpense": 1287000000,
        "othergeneralexpenseincomeotheradjustments": 5000000,
        "costsandexpenses": 3992000000,
        "operatingincomeloss": 2660000000,
        "interestexpensedebt": 368000000,
        "nonoperatingincomeexpense": -198000000,
        "incomelossfromcontinuingoperationsbeforeincometaxesminorityinterestandincomelossfromequitymethodinvestments": -129000000,
        "incometaxexpensebenefit": -28000000,
        "earningspersharebasic": 4.01,
        "earningspersharediluted": 3.98,
        "weightedaveragenumberofsharesoutstandingbasic": 535000000,
        "weightedaveragenumberofdilutedsharesoutstanding": 538000000
    },
    {
        "date": "2022-06-29",
        "symbol": "AMGN",
        "period": "Q2",
        "netincomeloss": -104000000,
        "othercomprehensiveincomeforeigncurrencytransactionandtranslationadjustmentnetoftaxportionattributabletoparent": -65000000,
        "othercomprehensiveincomelosscashflowhedgegainlossafterreclassificationandtaxparent": 156000000,
        "othercomprehensiveincomelossnetoftaxportionattributabletoparent": 91000000,
        "comprehensiveincomenetoftax": 1408000000,
        "revenuefromcontractwithcustomerexcludingassessedtax": 53000000,
        "costofgoodsandservicessold": 1510000000,
        "researchanddevelopmentexpenseexcludingacquiredinprocesscost": 1039000000,
        "sellinggeneralandadministrativeexpense": 1327000000,
        "othergeneralexpenseincomeotheradjustments": 542000000,
        "costsandexpenses": 4418000000,
        "operatingincomeloss": 2176000000,
        "interestexpensedebt": 328000000,
        "nonoperatingincomeexpense": -185000000,
        "incomelossfromcontinuingoperationsbeforeincometaxesminorityinterestandincomelossfromequitymethodinvestments": -132000000,
        "incometaxexpensebenefit": -28000000,
        "earningspersharebasic": 2.46,
        "earningspersharediluted": 2.45,
        "weightedaveragenumberofsharesoutstandingbasic": 535000000,
        "weightedaveragenumberofdilutedsharesoutstanding": 537000000
    },
    {
        "date": "2022-03-30",
        "symbol": "AMGN",
        "period": "Q1",
        "netincomeloss": -40000000,
        "othercomprehensiveincomeforeigncurrencytransactionandtranslationadjustmentnetoftaxportionattributabletoparent": -51000000,
        "othercomprehensiveincomelosscashflowhedgegainlossafterreclassificationandtaxparent": 84000000,
        "othercomprehensiveincomelossnetoftaxportionattributabletoparent": 33000000,
        "comprehensiveincomenetoftax": 1509000000,
        "revenuefromcontractwithcustomerexcludingassessedtax": 27000000,
        "costofgoodsandservicessold": 1561000000,
        "researchanddevelopmentexpenseexcludingacquiredinprocesscost": 959000000,
        "sellinggeneralandadministrativeexpense": 1228000000,
        "othergeneralexpenseincomeotheradjustments": -10000000,
        "costsandexpenses": 3738000000,
        "operatingincomeloss": 2500000000,
        "interestexpensedebt": 295000000,
        "nonoperatingincomeexpense": -78000000,
        "incomelossfromcontinuingoperationsbeforeincometaxesminorityinterestandincomelossfromequitymethodinvestments": -51000000,
        "incometaxexpensebenefit": -11000000,
        "earningspersharebasic": 2.69,
        "earningspersharediluted": 2.68,
        "weightedaveragenumberofsharesoutstandingbasic": 548000000,
        "weightedaveragenumberofdilutedsharesoutstanding": 551000000
    },
    {
        "date": "2021-12-30",
        "symbol": "AMGN",
        "period": "Q4",
        "costofgoodsandservicessold": 1718000000,
        "researchanddevelopmentexpenseexcludingacquiredinprocesscost": 1348000000,
        "sellinggeneralandadministrativeexpense": 1425000000,
        "othergeneralexpense": 51000000,
        "costsandexpenses": 4542000000,
        "operatingincomeloss": 2304000000,
        "interestexpensedebt": -838000000,
        "nonoperatingincomeexpense": -55000000,
        "incomelossfromcontinuingoperationsbeforeincometaxesminorityinterestandincomelossfromequitymethodinvestments": -39000000,
        "incometaxexpensebenefit": -10000000,
        "netincomeloss": -29000000,
        "earningspersharebasic": 3.359999999999999,
        "earningspersharediluted": 3.3499999999999996,
        "weightedaveragenumberofsharesoutstandingbasic": -2000000,
        "weightedaveragenumberofdilutedsharesoutstanding": -3000000,
        "othercomprehensiveincomeforeigncurrencytransactionandtranslationadjustmentnetoftaxportionattributabletoparent": -75000000,
        "othercomprehensiveincomelosscashflowhedgegainlossafterreclassificationandtaxparent": 83000000,
        "othercomprehensiveincomelossothergainslossesnetoftaxportionattributabletoparent": 4000000,
        "othercomprehensiveincomelossnetoftaxportionattributabletoparent": 12000000,
        "comprehensiveincomenetoftax": 1911000000
    },
    {
        "date": "2021-09-29",
        "symbol": "AMGN",
        "period": "Q3",
        "netincomeloss": -86000000,
        "othercomprehensiveincomeforeigncurrencytransactionandtranslationadjustmentnetoftaxportionattributabletoparent": -35000000,
        "othercomprehensiveincomelosscashflowhedgegainlossafterreclassificationandtaxparent": 99000000,
        "othercomprehensiveincomelossothergainslossesnetoftaxportionattributabletoparent": -3000000,
        "othercomprehensiveincomelossnetoftaxportionattributabletoparent": 60000000,
        "comprehensiveincomenetoftax": 1944000000,
        "costofgoodsandservicessold": 1609000000,
        "researchanddevelopmentexpenseexcludingacquiredinprocesscost": 1422000000,
        "sellinggeneralandadministrativeexpense": 1305000000,
        "othergeneralexpense": -8000000,
        "costsandexpenses": 4328000000,
        "operatingincomeloss": 2378000000,
        "interestexpensedebt": 296000000,
        "nonoperatingincomeexpense": -104000000,
        "incomelossfromcontinuingoperationsbeforeincometaxesminorityinterestandincomelossfromequitymethodinvestments": -109000000,
        "incometaxexpensebenefit": -23000000,
        "earningspersharebasic": 3.32,
        "earningspersharediluted": 3.289999999999999,
        "weightedaveragenumberofsharesoutstandingbasic": -578000000,
        "weightedaveragenumberofdilutedsharesoutstanding": -581000000
    },
    {
        "date": "2021-06-29",
        "symbol": "AMGN",
        "period": "Q2",
        "netincomeloss": 22000000,
        "othercomprehensiveincomeforeigncurrencytransactionandtranslationadjustmentnetoftaxportionattributabletoparent": 14000000,
        "othercomprehensiveincomelosscashflowhedgegainlossafterreclassificationandtaxparent": -48000000,
        "othercomprehensiveincomelossothergainslossesnetoftaxportionattributabletoparent": -1000000,
        "othercomprehensiveincomelossnetoftaxportionattributabletoparent": -35000000,
        "comprehensiveincomenetoftax": 429000000,
        "revenuefromcontractwithcustomerincludingassessedtax": -18000000,
        "revenues": 6526000000,
        "costofgoodsandservicessold": 1637000000,
        "researchanddevelopmentexpenseexcludingacquiredinprocesscost": 1082000000,
        "researchanddevelopmentassetacquiredotherthanthroughbusinesscombinationwrittenoff": 1505000000,
        "sellinggeneralandadministrativeexpense": 1384000000,
        "othergeneralexpense": 90000000,
        "costsandexpenses": 5698000000,
        "operatingincomeloss": 828000000,
        "interestexpensedebt": 281000000,
        "nonoperatingincomeexpense": 46000000,
        "incomelossfromcontinuingoperationsbeforeincometaxesminorityinterestandincomelossfromequitymethodinvestments": 28000000,
        "incometaxexpensebenefit": 6000000,
        "earningspersharebasic": 0.81,
        "earningspersharediluted": 0.81,
        "weightedaveragenumberofsharesoutstandingbasic": 573000000,
        "weightedaveragenumberofdilutedsharesoutstanding": 576000000
    },
    {
        "date": "2021-03-30",
        "symbol": "AMGN",
        "period": "Q1",
        "netincomeloss": -105000000,
        "othercomprehensiveincomeforeigncurrencytransactionandtranslationadjustmentnetoftaxportionattributabletoparent": -39000000,
        "othercomprehensiveincomelosscashflowhedgegainlossafterreclassificationandtaxparent": 190000000,
        "othercomprehensiveincomelossothergainslossesnetoftaxportionattributabletoparent": 1000000,
        "othercomprehensiveincomelossnetoftaxportionattributabletoparent": 152000000,
        "comprehensiveincomenetoftax": 1798000000,
        "revenuefromcontractwithcustomerincludingassessedtax": -1000000,
        "revenues": 5901000000,
        "costofgoodsandservicessold": 1490000000,
        "researchanddevelopmentexpenseexcludingacquiredinprocesscost": 967000000,
        "sellinggeneralandadministrativeexpense": 1254000000,
        "othergeneralexpense": 61000000,
        "costsandexpenses": 3772000000,
        "operatingincomeloss": 2129000000,
        "interestexpensedebt": 285000000,
        "nonoperatingincomeexpense": -132000000,
        "incomelossfromcontinuingoperationsbeforeincometaxesminorityinterestandincomelossfromequitymethodinvestments": -133000000,
        "incometaxexpensebenefit": -28000000,
        "earningspersharebasic": 2.85,
        "earningspersharediluted": 2.83,
        "weightedaveragenumberofsharesoutstandingbasic": 577000000,
        "weightedaveragenumberofdilutedsharesoutstanding": 581000000
    },
    {
        "date": "2020-12-30",
        "symbol": "AMGN",
        "period": "Q4",
        "revenuefromcontractwithcustomerincludingassessedtax": 20000000,
        "revenues": 6634000000,
        "costofgoodsandservicessold": 1597000000,
        "researchanddevelopmentexpenseexcludingacquiredinprocesscost": 1229000000,
        "sellinggeneralandadministrativeexpense": 1773000000,
        "othergeneralexpense": 27000000,
        "costsandexpenses": 4626000000,
        "operatingincomeloss": 2008000000,
        "interestexpensedebt": -848000000,
        "nonoperatingincomeexpense": 222000000,
        "incomelossfromcontinuingoperationsbeforeincometaxesminorityinterestandincomelossfromequitymethodinvestments": 242000000,
        "earningspersharebasic": 2.789999999999999,
        "earningspersharediluted": 2.7600000000000002,
        "weightedaveragenumberofsharesoutstandingbasic": -588000000,
        "weightedaveragenumberofdilutedsharesoutstanding": -592000000,
        "othercomprehensiveincomeforeigncurrencytransactionandtranslationadjustmentnetoftaxportionattributabletoparent": 50000000,
        "othercomprehensiveincomelosscashflowhedgegainlossafterreclassificationandtaxparent": -133000000,
        "othercomprehensiveincomeavailableforsalesecuritiesadjustmentnetoftaxportionattributabletoparent": -1000000,
        "othercomprehensiveincomelossnetoftaxportionattributabletoparent": -82000000,
        "comprehensiveincomenetoftax": 1533000000
    },
    {
        "date": "2020-09-29",
        "symbol": "AMGN",
        "period": "Q3",
        "netincomeloss": 175000000,
        "othercomprehensiveincomeforeigncurrencytransactionandtranslationadjustmentnetoftaxportionattributabletoparent": 14000000,
        "othercomprehensiveincomelosscashflowhedgegainlossafterreclassificationandtaxparent": -128000000,
        "othercomprehensiveincomeavailableforsalesecuritiesadjustmentnetoftaxportionattributabletoparent": 1000000,
        "othercomprehensiveincomelossothergainslossesnetoftaxportionattributabletoparent": -7000000,
        "othercomprehensiveincomelossnetoftaxportionattributabletoparent": -120000000,
        "comprehensiveincomenetoftax": 1901000000,
        "revenuefromcontractwithcustomerincludingassessedtax": 41000000,
        "revenues": 6423000000,
        "costofgoodsandservicessold": 1561000000,
        "researchanddevelopmentexpenseexcludingacquiredinprocesscost": 1062000000,
        "sellinggeneralandadministrativeexpense": 1346000000,
        "othergeneralexpense": 1000000,
        "costsandexpenses": 3970000000,
        "operatingincomeloss": 2453000000,
        "interestexpensedebt": 302000000,
        "nonoperatingincomeexpense": 183000000,
        "incomelossfromcontinuingoperationsbeforeincometaxesminorityinterestandincomelossfromequitymethodinvestments": 224000000,
        "incometaxexpensebenefit": 49000000,
        "earningspersharebasic": 3.45,
        "earningspersharediluted": 3.43,
        "weightedaveragenumberofsharesoutstandingbasic": 585000000,
        "weightedaveragenumberofdilutedsharesoutstanding": 589000000
    },
    {
        "date": "2020-06-29",
        "symbol": "AMGN",
        "period": "Q2",
        "netincomeloss": 0,
        "othercomprehensiveincomeforeigncurrencytransactionandtranslationadjustmentnetoftaxportionattributabletoparent": -3000000,
        "othercomprehensiveincomelosscashflowhedgegainlossafterreclassificationandtaxparent": -116000000,
        "othercomprehensiveincomeavailableforsalesecuritiesadjustmentnetoftaxportionattributabletoparent": -2000000,
        "othercomprehensiveincomelossothergainslossesnetoftaxportionattributabletoparent": 0,
        "othercomprehensiveincomelossnetoftaxportionattributabletoparent": -121000000,
        "comprehensiveincomenetoftax": 1682000000,
        "revenuefromcontractwithcustomerincludingassessedtax": 68000000,
        "revenues": 6206000000,
        "costofgoodsandservicessold": 1488000000,
        "researchanddevelopmentexpenseexcludingacquiredinprocesscost": 964000000,
        "sellinggeneralandadministrativeexpense": 1295000000,
        "othergeneralexpense": 136000000,
        "costsandexpenses": 3883000000,
        "operatingincomeloss": 2323000000,
        "interestexpensedebt": 296000000,
        "nonoperatingincomeexpense": 51000000,
        "incomelossfromcontinuingoperationsbeforeincometaxesminorityinterestandincomelossfromequitymethodinvestments": 119000000,
        "incometaxexpensebenefit": 0,
        "earningspersharebasic": 3.0700000000000003,
        "earningspersharediluted": 3.0500000000000003,
        "weightedaveragenumberofsharesoutstandingbasic": -1000000,
        "weightedaveragenumberofdilutedsharesoutstanding": -1000000
    },
    {
        "date": "2020-03-30",
        "symbol": "AMGN",
        "period": "Q1",
        "netincomeloss": 1825000000,
        "othercomprehensiveincomeforeigncurrencytransactionandtranslationadjustmentnetoftaxportionattributabletoparent": -52000000,
        "othercomprehensiveincomelosscashflowhedgegainlossafterreclassificationandtaxparent": -61000000,
        "othercomprehensiveincomeavailableforsalesecuritiesadjustmentnetoftaxportionattributabletoparent": -19000000,
        "othercomprehensiveincomelossothergainslossesnetoftaxportionattributabletoparent": -2000000,
        "othercomprehensiveincomelossnetoftaxportionattributabletoparent": -134000000,
        "comprehensiveincomenetoftax": 1691000000,
        "revenuefromcontractwithcustomerincludingassessedtax": 5894000000,
        "revenues": 267000000,
        "costofgoodsandservicessold": 1513000000,
        "researchanddevelopmentexpenseexcludingacquiredinprocesscost": 952000000,
        "sellinggeneralandadministrativeexpense": 1316000000,
        "othergeneralexpense": 25000000,
        "costsandexpenses": 3806000000,
        "operatingincomeloss": 2355000000,
        "interestexpensedebt": 346000000,
        "nonoperatingincomeexpense": 11000000,
        "incomelossfromcontinuingoperationsbeforeincometaxesminorityinterestandincomelossfromequitymethodinvestments": 2020000000,
        "incometaxexpensebenefit": 195000000,
        "earningspersharebasic": 3.09,
        "earningspersharediluted": 3.07,
        "weightedaveragenumberofsharesoutstandingbasic": 590000000,
        "weightedaveragenumberofdilutedsharesoutstanding": 594000000
    },
    {
        "date": "2019-12-30",
        "symbol": "AMGN",
        "period": "Q4",
        "netincomeloss": 1703000000,
        "othercomprehensiveincomeforeigncurrencytransactionandtranslationadjustmentnetoftaxportionattributabletoparent": 8000000,
        "othercomprehensiveincomelosscashflowhedgegainlossafterreclassificationandtaxparent": -93000000,
        "othercomprehensiveincomeavailableforsalesecuritiesadjustmentnetoftaxportionattributabletoparent": -44000000,
        "othercomprehensiveincomelossnetoftaxportionattributabletoparent": -140000000,
        "comprehensiveincomenetoftax": 1563000000,
        "revenuefromcontractwithcustomerincludingassessedtax": 5881000000,
        "revenues": 316000000,
        "costofgoodsandservicessold": 1253000000,
        "researchanddevelopmentexpenseexcludingacquiredinprocesscost": 1312000000,
        "sellinggeneralandadministrativeexpense": 1513000000,
        "othergeneralexpense": 71000000,
        "costsandexpenses": 4149000000,
        "operatingincomeloss": 2048000000,
        "interestexpensedebt": 301000000,
        "nonoperatingincomeexpense": 236000000,
        "incomelossfromcontinuingoperationsbeforeincometaxesminorityinterestandincomelossfromequitymethodinvestments": 1983000000,
        "incometaxexpensebenefit": 280000000,
        "earningspersharebasic": 2.8800000000000017,
        "earningspersharediluted": 2.8700000000000006,
        "weightedaveragenumberofsharesoutstandingbasic": -4000000,
        "weightedaveragenumberofdilutedsharesoutstanding": -4000000
    },
    {
        "date": "2019-09-29",
        "symbol": "AMGN",
        "period": "Q3",
        "netincomeloss": 1968000000,
        "othercomprehensiveincomeforeigncurrencytransactionandtranslationadjustmentnetoftaxportionattributabletoparent": -39000000,
        "othercomprehensiveincomelosscashflowhedgegainlossafterreclassificationandtaxparent": 86000000,
        "othercomprehensiveincomeavailableforsalesecuritiesadjustmentnetoftaxportionattributabletoparent": 30000000,
        "othercomprehensiveincomelossnetoftaxportionattributabletoparent": 77000000,
        "comprehensiveincomenetoftax": 2045000000,
        "revenuefromcontractwithcustomerincludingassessedtax": 10735000000,
        "revenues": -5012000000,
        "costofgoodsandservicessold": 1036000000,
        "researchanddevelopmentexpenseexcludingacquiredinprocesscost": 1001000000,
        "sellinggeneralandadministrativeexpense": 1223000000,
        "othergeneralexpense": 1000000,
        "costsandexpenses": 3261000000,
        "operatingincomeloss": 2476000000,
        "interestexpensedebt": 313000000,
        "nonoperatingincomeexpense": 114000000,
        "incomelossfromcontinuingoperationsbeforeincometaxesminorityinterestandincomelossfromequitymethodinvestments": 2277000000,
        "incometaxexpensebenefit": 309000000,
        "earningspersharebasic": 3.29,
        "earningspersharediluted": 3.2599999999999993,
        "weightedaveragenumberofsharesoutstandingbasic": -620000000,
        "weightedaveragenumberofdilutedsharesoutstanding": -623000000
    },
    {
        "date": "2019-06-29",
        "symbol": "AMGN",
        "period": "Q2",
        "netincomeloss": 2179000000,
        "othercomprehensiveincomeforeigncurrencytransactionandtranslationadjustmentnetoftaxportionattributabletoparent": -4000000,
        "othercomprehensiveincomelosscashflowhedgegainlossafterreclassificationandtaxparent": -104000000,
        "othercomprehensiveincomeavailableforsalesecuritiesadjustmentnetoftaxportionattributabletoparent": 153000000,
        "othercomprehensiveincomelossothergainslossesnetoftaxportionattributabletoparent": 6000000,
        "othercomprehensiveincomelossnetoftaxportionattributabletoparent": 51000000,
        "comprehensiveincomenetoftax": 2230000000,
        "revenuefromcontractwithcustomerincludingassessedtax": 5574000000,
        "revenues": 297000000,
        "costofgoodsandservicessold": 1012000000,
        "researchanddevelopmentexpenseexcludingacquiredinprocesscost": 924000000,
        "sellinggeneralandadministrativeexpense": 1260000000,
        "othergeneralexpense": -3000000,
        "costsandexpenses": 3193000000,
        "operatingincomeloss": 2678000000,
        "interestexpensedebt": 332000000,
        "nonoperatingincomeexpense": 218000000,
        "incomelossfromcontinuingoperationsbeforeincometaxesminorityinterestandincomelossfromequitymethodinvestments": 2564000000,
        "incometaxexpensebenefit": 385000000,
        "earningspersharebasic": 3.59,
        "earningspersharediluted": 3.57,
        "weightedaveragenumberofsharesoutstandingbasic": 607000000,
        "weightedaveragenumberofdilutedsharesoutstanding": 610000000
    },
    {
        "date": "2019-03-30",
        "symbol": "AMGN",
        "period": "Q1",
        "netincomeloss": 1992000000,
        "othercomprehensiveincomeforeigncurrencytransactionandtranslationadjustmentnetoftaxportionattributabletoparent": -13000000,
        "othercomprehensiveincomelosscashflowhedgegainlossafterreclassificationandtaxparent": 45000000,
        "othercomprehensiveincomeavailableforsalesecuritiesadjustmentnetoftaxportionattributabletoparent": 221000000,
        "othercomprehensiveincomelossnetoftaxportionattributabletoparent": 253000000,
        "comprehensiveincomenetoftax": 2245000000,
        "revenuefromcontractwithcustomerincludingassessedtax": 14000000,
        "revenues": 5557000000,
        "costofgoodsandservicessold": 1055000000,
        "researchanddevelopmentexpenseexcludingacquiredinprocesscost": 879000000,
        "sellinggeneralandadministrativeexpense": 1154000000,
        "othergeneralexpense": -3000000,
        "costsandexpenses": 3085000000,
        "operatingincomeloss": 2472000000,
        "interestexpensedebt": 343000000,
        "nonoperatingincomeexpense": 185000000,
        "incomelossfromcontinuingoperationsbeforeincometaxesminorityinterestandincomelossfromequitymethodinvestments": 2314000000,
        "incometaxexpensebenefit": 322000000,
        "earningspersharebasic": 3.2,
        "earningspersharediluted": 3.18,
        "weightedaveragenumberofsharesoutstandingbasic": 622000000,
        "weightedaveragenumberofdilutedsharesoutstanding": 626000000
    },
    {
        "date": "2018-12-30",
        "symbol": "AMGN",
        "period": "Q4",
        "netincomeloss": 8743000000,
        "othercomprehensiveincomeforeigncurrencytransactionandtranslationadjustmentnetoftaxportionattributabletoparent": 12000000,
        "othercomprehensiveincomeavailableforsalesecuritiesadjustmentnetoftaxportionattributabletoparent": 52000000,
        "othercomprehensiveincomelossnetoftaxportionattributabletoparent": 40000000,
        "comprehensiveincomenetoftax": 1968000000,
        "revenues": 4651000000,
        "researchanddevelopmentexpenseexcludingacquiredinprocesscost": 1182000000,
        "sellinggeneralandadministrativeexpense": 1559000000,
        "othergeneralexpense": 11000000,
        "costsandexpenses": 3848000000,
        "operatingincomeloss": 2382000000,
        "interestexpensedebt": 352000000,
        "nonoperatingincomeexpense": -13000000,
        "incomelossfromcontinuingoperationsbeforeincometaxesminorityinterestandincomelossfromequitymethodinvestments": -41000000,
        "incometaxexpensebenefit": 0,
        "earningspersharebasic": 3.06,
        "earningspersharediluted": 3.0299999999999994,
        "weightedaveragenumberofsharesoutstandingbasic": -666000000,
        "weightedaveragenumberofdilutedsharesoutstanding": -669000000
    },
    {
        "date": "2018-09-29",
        "symbol": "AMGN",
        "period": "Q3",
        "netincomeloss": -102000000,
        "othercomprehensiveincomeforeigncurrencytransactionandtranslationadjustmentnetoftaxportionattributabletoparent": -71000000,
        "othercomprehensiveincomelosscashflowhedgegainlossafterreclassificationandtaxparent": 41000000,
        "othercomprehensiveincomeavailableforsalesecuritiesadjustmentnetoftaxportionattributabletoparent": 97000000,
        "othercomprehensiveincomelossothergainslossesnetoftaxportionattributabletoparent": -3000000,
        "othercomprehensiveincomelossnetoftaxportionattributabletoparent": 64000000,
        "comprehensiveincomenetoftax": 1923000000,
        "revenuefromcontractwithcustomerincludingassessedtax": 3000000,
        "revenues": 147000000,
        "costofgoodsandservicessold": 1037000000,
        "researchanddevelopmentexpenseexcludingacquiredinprocesscost": 926000000,
        "sellinggeneralandadministrativeexpense": 1293000000,
        "othergeneralexpense": 325000000,
        "costsandexpenses": 3581000000,
        "operatingincomeloss": 2323000000,
        "interestexpensedebt": 355000000,
        "nonoperatingincomeexpense": -103000000,
        "incomelossfromcontinuingoperationsbeforeincometaxesminorityinterestandincomelossfromequitymethodinvestments": -33000000,
        "incometaxexpensebenefit": -1000000,
        "earningspersharebasic": 2.88,
        "earningspersharediluted": 2.86,
        "weightedaveragenumberofsharesoutstandingbasic": 645000000,
        "weightedaveragenumberofdilutedsharesoutstanding": 649000000,
        "commonstockdividendspersharecashpaid": 1.32
    },
    {
        "date": "2018-06-29",
        "symbol": "AMGN",
        "period": "Q2",
        "netincomeloss": -114000000,
        "othercomprehensiveincomeforeigncurrencytransactionandtranslationadjustmentnetoftaxportionattributabletoparent": -111000000,
        "othercomprehensiveincomeavailableforsalesecuritiesadjustmentnetoftaxportionattributabletoparent": 18000000,
        "othercomprehensiveincomelossothergainslossesnetoftaxportionattributabletoparent": 0,
        "othercomprehensiveincomelossnetoftaxportionattributabletoparent": 130000000,
        "comprehensiveincomenetoftax": 2426000000,
        "revenues": -4963000000,
        "researchanddevelopmentexpenseexcludingacquiredinprocesscost": 869000000,
        "sellinggeneralandadministrativeexpense": 1353000000,
        "othergeneralexpense": -19000000,
        "costsandexpenses": 3227000000,
        "operatingincomeloss": 2832000000,
        "interestexpensedebt": 347000000,
        "nonoperatingincomeexpense": -115000000,
        "incomelossfromcontinuingoperationsbeforeincometaxesminorityinterestandincomelossfromequitymethodinvestments": -318000000,
        "incometaxexpensebenefit": -1000000,
        "earningspersharebasic": 3.4899999999999998,
        "earningspersharediluted": 3.4800000000000004,
        "weightedaveragenumberofsharesoutstandingbasic": -25000000,
        "weightedaveragenumberofdilutedsharesoutstanding": -26000000,
        "commonstockdividendspersharecashpaid": 1.32
    },
    {
        "date": "2018-03-30",
        "symbol": "AMGN",
        "period": "Q1",
        "netincomeloss": -133000000,
        "othercomprehensiveincomeforeigncurrencytransactionandtranslationadjustmentnetoftaxportionattributabletoparent": 29000000,
        "othercomprehensiveincomederivativesqualifyingashedgesnetoftaxportionattributabletoparent": 6000000,
        "othercomprehensiveincomeavailableforsalesecuritiesadjustmentnetoftaxportionattributabletoparent": -352000000,
        "othercomprehensiveincomelossothergainslossesnetoftaxportionattributabletoparent": 2000000,
        "othercomprehensiveincomelossnetoftaxportionattributabletoparent": -315000000,
        "comprehensiveincomenetoftax": 1996000000,
        "salesrevenuegoodsnet": 1196000000,
        "othersalesrevenuenet": 211000000,
        "revenues": 5554000000,
        "costofgoodssold": 944000000,
        "researchanddevelopmentexpenseexcludingacquiredinprocesscost": 760000000,
        "sellinggeneralandadministrativeexpense": 1127000000,
        "othergeneralexpense": -3000000,
        "costsandexpenses": 2828000000,
        "operatingincomeloss": 2726000000,
        "interestexpensedebt": 338000000,
        "nonoperatingincomeexpense": -134000000,
        "incomelossfromcontinuingoperationsbeforeincometaxesminorityinterestandincomelossfromequitymethodinvestments": 130000000,
        "incometaxexpensebenefit": -1000000,
        "earningspersharebasic": 3.27,
        "earningspersharediluted": 3.25,
        "weightedaveragenumberofsharesoutstandingbasic": 707000000,
        "weightedaveragenumberofdilutedsharesoutstanding": 711000000,
        "commonstockdividendspersharecashpaid": 1.32
    },
    {
        "date": "2017-12-30",
        "symbol": "AMGN",
        "period": "Q4",
        "netincomeloss": 2056000000,
        "othercomprehensiveincomeforeigncurrencytransactionandtranslationadjustmentnetoftaxportionattributabletoparent": -19000000,
        "othercomprehensiveincomederivativesqualifyingashedgesnetoftaxportionattributabletoparent": 36000000,
        "othercomprehensiveincomeavailableforsalesecuritiesadjustmentnetoftaxportionattributabletoparent": -253000000,
        "othercomprehensiveincomelossnetoftaxportionattributabletoparent": -236000000,
        "comprehensiveincomenetoftax": -4500000000,
        "salesrevenuegoodsnet": 1487000000,
        "othersalesrevenuenet": 233000000,
        "revenues": 982000000,
        "costofgoodssold": 1059000000,
        "researchanddevelopmentexpenseexcludingacquiredinprocesscost": 1043000000,
        "sellinggeneralandadministrativeexpense": 1427000000,
        "othergeneralexpense": 28000000,
        "costsandexpenses": 3557000000,
        "operatingincomeloss": 2245000000,
        "interestexpensedebt": -647000000,
        "nonoperatingincomeexpense": 29000000,
        "incomelossfromcontinuingoperationsbeforeincometaxesminorityinterestandincomelossfromequitymethodinvestments": 37000000,
        "incometaxexpensebenefit": 48000000,
        "earningspersharebasic": -5.8100000000000005,
        "earningspersharediluted": -5.77,
        "weightedaveragenumberofsharesoutstandingbasic": -1468000000,
        "weightedaveragenumberofdilutedsharesoutstanding": -1477000000
    },
    {
        "date": "2017-09-29",
        "symbol": "AMGN",
        "period": "Q3",
        "netincomeloss": 21000000,
        "othercomprehensiveincomeforeigncurrencytransactionandtranslationadjustmentnetoftaxportionattributabletoparent": 41000000,
        "othercomprehensiveincomederivativesqualifyingashedgesnetoftaxportionattributabletoparent": -50000000,
        "othercomprehensiveincomeavailableforsalesecuritiesadjustmentnetoftaxportionattributabletoparent": 9000000,
        "othercomprehensiveincomelossothergainslossesnetoftaxportionattributabletoparent": 6000000,
        "othercomprehensiveincomelossnetoftaxportionattributabletoparent": 6000000,
        "comprehensiveincomenetoftax": 2027000000,
        "salesrevenuegoodsnet": -2000000,
        "othersalesrevenuenet": 320000000,
        "revenues": 5773000000,
        "costofgoodssold": 990000000,
        "researchanddevelopmentexpenseexcludingacquiredinprocesscost": 877000000,
        "sellinggeneralandadministrativeexpense": 1170000000,
        "othergeneralexpense": 297000000,
        "costsandexpenses": 3334000000,
        "operatingincomeloss": 2439000000,
        "interestexpensedebt": 1000000,
        "nonoperatingincomeexpense": 26000000,
        "incomelossfromcontinuingoperationsbeforeincometaxesminorityinterestandincomelossfromequitymethodinvestments": 140000000,
        "incometaxexpensebenefit": 5000000,
        "earningspersharebasic": 2.78,
        "earningspersharediluted": 2.76,
        "weightedaveragenumberofsharesoutstandingbasic": 728000000,
        "weightedaveragenumberofdilutedsharesoutstanding": 733000000,
        "commonstockdividendspersharecashpaid": 1.15
    },
    {
        "date": "2017-06-29",
        "symbol": "AMGN",
        "period": "Q2",
        "netincomeloss": -49000000,
        "othercomprehensiveincomeforeigncurrencytransactionandtranslationadjustmentnetoftaxportionattributabletoparent": 35000000,
        "othercomprehensiveincomederivativesqualifyingashedgesnetoftaxportionattributabletoparent": -201000000,
        "othercomprehensiveincomeavailableforsalesecuritiesadjustmentnetoftaxportionattributabletoparent": 80000000,
        "othercomprehensiveincomelossothergainslossesnetoftaxportionattributabletoparent": -1000000,
        "othercomprehensiveincomelossnetoftaxportionattributabletoparent": -87000000,
        "comprehensiveincomenetoftax": 2064000000,
        "salesrevenuegoodsnet": 33000000,
        "othersalesrevenuenet": 236000000,
        "revenues": 5810000000,
        "costofgoodssold": 1024000000,
        "researchanddevelopmentexpenseexcludingacquiredinprocesscost": 873000000,
        "sellinggeneralandadministrativeexpense": 1209000000,
        "othergeneralexpense": 6000000,
        "costsandexpenses": 3112000000,
        "operatingincomeloss": 2698000000,
        "interestexpensedebt": 321000000,
        "nonoperatingincomeexpense": -47000000,
        "incomelossfromcontinuingoperationsbeforeincometaxesminorityinterestandincomelossfromequitymethodinvestments": 330000000,
        "incometaxexpensebenefit": 2000000,
        "earningspersharebasic": 2.93,
        "earningspersharediluted": 2.91,
        "weightedaveragenumberofsharesoutstandingbasic": 734000000,
        "weightedaveragenumberofdilutedsharesoutstanding": 738000000,
        "commonstockdividendspersharecashpaid": 1.15
    },
    {
        "date": "2017-03-30",
        "symbol": "AMGN",
        "period": "Q1",
        "netincomeloss": -49000000,
        "othercomprehensiveincomeforeigncurrencytransactionandtranslationadjustmentnetoftaxportionattributabletoparent": 24000000,
        "othercomprehensiveincomederivativesqualifyingashedgesnetoftaxportionattributabletoparent": -73000000,
        "othercomprehensiveincomeavailableforsalesecuritiesadjustmentnetoftaxportionattributabletoparent": 158000000,
        "othercomprehensiveincomelossnetoftaxportionattributabletoparent": 109000000,
        "comprehensiveincomenetoftax": 2180000000,
        "salesrevenuegoodsnet": 57000000,
        "othersalesrevenuenet": 265000000,
        "revenues": 5464000000,
        "costofgoodssold": 996000000,
        "researchanddevelopmentexpenseexcludingacquiredinprocesscost": 769000000,
        "sellinggeneralandadministrativeexpense": 1064000000,
        "othergeneralexpense": 44000000,
        "costsandexpenses": 2873000000,
        "operatingincomeloss": 2591000000,
        "interestexpensedebt": 326000000,
        "nonoperatingincomeexpense": -49000000,
        "incomelossfromcontinuingoperationsbeforeincometaxesminorityinterestandincomelossfromequitymethodinvestments": 131000000,
        "incometaxexpensebenefit": -47000000,
        "earningspersharebasic": 2.81,
        "earningspersharediluted": 2.79,
        "weightedaveragenumberofsharesoutstandingbasic": 737000000,
        "weightedaveragenumberofdilutedsharesoutstanding": 741000000,
        "commonstockdividendspersharecashpaid": 1.15
    },
    {
        "date": "2016-12-30",
        "symbol": "AMGN",
        "period": "Q4",
        "netincomeloss": 5822000000,
        "othercomprehensiveincomeforeigncurrencytransactionandtranslationadjustmentnetoftaxportionattributabletoparent": -124000000,
        "othercomprehensiveincomederivativesqualifyingashedgesnetoftaxportionattributabletoparent": 186000000,
        "othercomprehensiveincomeavailableforsalesecuritiesadjustmentnetoftaxportionattributabletoparent": -393000000,
        "othercomprehensiveincomelossnetoftaxportionattributabletoparent": -332000000,
        "comprehensiveincomenetoftax": 1603000000,
        "salesrevenuegoodsnet": 66000000,
        "othersalesrevenuenet": 302000000,
        "revenues": 1300000000,
        "costofgoodssold": 1067000000,
        "researchanddevelopmentexpenseexcludingacquiredinprocesscost": 1078000000,
        "sellinggeneralandadministrativeexpense": 1323000000,
        "othergeneralexpense": 12000000,
        "costsandexpenses": 3480000000,
        "operatingincomeloss": 2485000000,
        "interestexpensedebt": -607000000,
        "nonoperatingincomeexpense": -131000000,
        "incomelossfromcontinuingoperationsbeforeincometaxesminorityinterestandincomelossfromequitymethodinvestments": -237000000,
        "incometaxexpensebenefit": -369000000,
        "earningspersharebasic": 2.61,
        "earningspersharediluted": 2.59,
        "weightedaveragenumberofsharesoutstandingbasic": -1503000000,
        "weightedaveragenumberofdilutedsharesoutstanding": -1515000000
    },
    {
        "date": "2016-09-29",
        "symbol": "AMGN",
        "period": "Q3",
        "netincomeloss": 15000000,
        "othercomprehensiveincomeforeigncurrencytransactionandtranslationadjustmentnetoftaxportionattributabletoparent": 9000000,
        "othercomprehensiveincomederivativesqualifyingashedgesnetoftaxportionattributabletoparent": -16000000,
        "othercomprehensiveincomeavailableforsalesecuritiesadjustmentnetoftaxportionattributabletoparent": -27000000,
        "othercomprehensiveincomeothernetoftax": 1000000,
        "othercomprehensiveincomelossnetoftaxportionattributabletoparent": -33000000,
        "comprehensiveincomenetoftax": 1984000000,
        "salesrevenuegoodsnet": 67000000,
        "othersalesrevenuenet": 295000000,
        "revenues": 5811000000,
        "costofgoodssold": 1027000000,
        "researchanddevelopmentexpenseexcludingacquiredinprocesscost": 990000000,
        "sellinggeneralandadministrativeexpense": 1244000000,
        "othergeneralexpense": 23000000,
        "costsandexpenses": 3284000000,
        "operatingincomeloss": 2527000000,
        "interestexpensedebt": 1000000,
        "nonoperatingincomeexpense": 23000000,
        "incomelossfromcontinuingoperationsbeforeincometaxesminorityinterestandincomelossfromequitymethodinvestments": 65000000,
        "incometaxexpensebenefit": 8000000,
        "earningspersharebasic": 2.7,
        "earningspersharediluted": 2.68,
        "weightedaveragenumberofsharesoutstandingbasic": 747000000,
        "weightedaveragenumberofdilutedsharesoutstanding": 753000000,
        "commonstockdividendspersharecashpaid": 1
    },
    {
        "date": "2016-06-29",
        "symbol": "AMGN",
        "period": "Q2",
        "netincomeloss": -15000000,
        "othercomprehensiveincomeforeigncurrencytransactionandtranslationadjustmentnetoftaxportionattributabletoparent": -17000000,
        "othercomprehensiveincomederivativesqualifyingashedgesnetoftaxportionattributabletoparent": -6000000,
        "othercomprehensiveincomeavailableforsalesecuritiesadjustmentnetoftaxportionattributabletoparent": 184000000,
        "othercomprehensiveincomeothernetoftax": 1000000,
        "othercomprehensiveincomelossnetoftaxportionattributabletoparent": 162000000,
        "comprehensiveincomenetoftax": 2032000000,
        "salesrevenuegoodsnet": 79000000,
        "othersalesrevenuenet": 214000000,
        "revenues": 5688000000,
        "costofgoodssold": 1050000000,
        "researchanddevelopmentexpenseexcludingacquiredinprocesscost": 900000000,
        "sellinggeneralandadministrativeexpense": 1292000000,
        "othergeneralexpense": 66000000,
        "costsandexpenses": 3308000000,
        "operatingincomeloss": 2380000000,
        "interestexpensedebt": 313000000,
        "nonoperatingincomeexpense": -23000000,
        "incomelossfromcontinuingoperationsbeforeincometaxesminorityinterestandincomelossfromequitymethodinvestments": -133000000,
        "incometaxexpensebenefit": -8000000,
        "earningspersharebasic": 2.49,
        "earningspersharediluted": 2.47,
        "weightedaveragenumberofsharesoutstandingbasic": 751000000,
        "weightedaveragenumberofdilutedsharesoutstanding": 756000000,
        "commonstockdividendspersharecashpaid": 1
    },
    {
        "date": "2016-03-30",
        "symbol": "AMGN",
        "period": "Q1",
        "netincomeloss": 1900000000,
        "othercomprehensiveincomeforeigncurrencytransactionandtranslationadjustmentnetoftaxportionattributabletoparent": 33000000,
        "othercomprehensiveincomederivativesqualifyingashedgesnetoftaxportionattributabletoparent": -179000000,
        "othercomprehensiveincomeavailableforsalesecuritiesadjustmentnetoftaxportionattributabletoparent": 358000000,
        "othercomprehensiveincomelossnetoftaxportionattributabletoparent": 212000000,
        "comprehensiveincomenetoftax": 2112000000,
        "salesrevenuegoodsnet": 96000000,
        "othersalesrevenuenet": 288000000,
        "revenues": 5527000000,
        "costofgoodssold": 1018000000,
        "researchanddevelopmentexpenseexcludingacquiredinprocesscost": 872000000,
        "sellinggeneralandadministrativeexpense": 1203000000,
        "othergeneralexpense": 32000000,
        "costsandexpenses": 3125000000,
        "operatingincomeloss": 2402000000,
        "interestexpensedebt": 294000000,
        "nonoperatingincomeexpense": 70000000,
        "incomelossfromcontinuingoperationsbeforeincometaxesminorityinterestandincomelossfromequitymethodinvestments": 166000000,
        "incometaxexpensebenefit": 358000000,
        "earningspersharebasic": 2.52,
        "earningspersharediluted": 2.5,
        "weightedaveragenumberofsharesoutstandingbasic": 753000000,
        "weightedaveragenumberofdilutedsharesoutstanding": 760000000,
        "commonstockdividendspersharecashpaid": 1
    },
    {
        "date": "2015-12-30",
        "symbol": "AMGN",
        "period": "Q4",
        "netincomeloss": 6991000000,
        "othercomprehensiveincomeforeigncurrencytransactionandtranslationadjustmentnetoftaxportionattributabletoparent": -6000000,
        "othercomprehensiveincomederivativesqualifyingashedgesnetoftaxportionattributabletoparent": -3000000,
        "othercomprehensiveincomeavailableforsalesecuritiesadjustmentnetoftaxportionattributabletoparent": -238000000,
        "othercomprehensiveincomelossnetoftaxportionattributabletoparent": -243000000,
        "comprehensiveincomenetoftax": 1557000000,
        "salesrevenuegoodsnet": 80000000,
        "othersalesrevenuenet": 207000000,
        "revenues": 1041000000,
        "costofgoodssold": 1071000000,
        "researchanddevelopmentexpenseexcludingacquiredinprocesscost": 1093000000,
        "sellinggeneralandadministrativeexpense": 1416000000,
        "othergeneralexpense": -77000000,
        "costsandexpenses": 3503000000,
        "operatingincomeloss": 2033000000,
        "interestexpensedebt": -534000000,
        "nonoperatingincomeexpense": 7000000,
        "incomelossfromcontinuingoperationsbeforeincometaxesminorityinterestandincomelossfromequitymethodinvestments": 12000000,
        "incometaxexpensebenefit": 13000000,
        "earningspersharebasic": 2.38,
        "earningspersharediluted": 2.3600000000000008,
        "weightedaveragenumberofsharesoutstandingbasic": -1520000000,
        "weightedaveragenumberofdilutedsharesoutstanding": -1536000000
    },
    {
        "date": "2015-09-29",
        "symbol": "AMGN",
        "period": "Q3",
        "netincomeloss": -24000000,
        "othercomprehensiveincomeforeigncurrencytransactionandtranslationadjustmentnetoftaxportionattributabletoparent": -86000000,
        "othercomprehensiveincomederivativesqualifyingashedgesnetoftaxportionattributabletoparent": -53000000,
        "othercomprehensiveincomeavailableforsalesecuritiesadjustmentnetoftaxportionattributabletoparent": -35000000,
        "othercomprehensiveincomelossothergainslossesnetoftaxportionattributabletoparent": 5000000,
        "othercomprehensiveincomelossnetoftaxportionattributabletoparent": -169000000,
        "comprehensiveincomenetoftax": 1694000000,
        "salesrevenuegoodsnet": 86000000,
        "othersalesrevenuenet": 207000000,
        "revenues": 5723000000,
        "costofgoodssold": 1034000000,
        "researchanddevelopmentexpenseexcludingacquiredinprocesscost": 1119000000,
        "sellinggeneralandadministrativeexpense": 1244000000,
        "othergeneralexpense": -13000000,
        "costsandexpenses": 3384000000,
        "operatingincomeloss": 2339000000,
        "interestexpensedebt": 282000000,
        "nonoperatingincomeexpense": -39000000,
        "incomelossfromcontinuingoperationsbeforeincometaxesminorityinterestandincomelossfromequitymethodinvestments": 19000000,
        "incometaxexpensebenefit": -15000000,
        "earningspersharebasic": 2.46,
        "earningspersharediluted": 2.44,
        "weightedaveragenumberofsharesoutstandingbasic": 757000000,
        "weightedaveragenumberofdilutedsharesoutstanding": 764000000,
        "commonstockdividendspersharecashpaid": 0.79
    },
    {
        "date": "2015-06-29",
        "symbol": "AMGN",
        "period": "Q2",
        "netincomeloss": -6000000,
        "othercomprehensiveincomeforeigncurrencytransactionandtranslationadjustmentnetoftaxportionattributabletoparent": 18000000,
        "othercomprehensiveincomederivativesqualifyingashedgesnetoftaxportionattributabletoparent": -115000000,
        "othercomprehensiveincomeavailableforsalesecuritiesadjustmentnetoftaxportionattributabletoparent": -108000000,
        "othercomprehensiveincomelossnetoftaxportionattributabletoparent": -205000000,
        "comprehensiveincomenetoftax": 1448000000,
        "salesrevenuegoodsnet": 91000000,
        "othersalesrevenuenet": 145000000,
        "revenues": 5370000000,
        "costofgoodssold": 1089000000,
        "researchanddevelopmentexpenseexcludingacquiredinprocesscost": 964000000,
        "sellinggeneralandadministrativeexpense": 1160000000,
        "othergeneralexpense": 81000000,
        "costsandexpenses": 3294000000,
        "operatingincomeloss": 2076000000,
        "interestexpensedebt": 1000000,
        "nonoperatingincomeexpense": -9000000,
        "incomelossfromcontinuingoperationsbeforeincometaxesminorityinterestandincomelossfromequitymethodinvestments": 226000000,
        "incometaxexpensebenefit": -3000000,
        "earningspersharebasic": 2.18,
        "earningspersharediluted": 2.15,
        "weightedaveragenumberofsharesoutstandingbasic": 760000000,
        "weightedaveragenumberofdilutedsharesoutstanding": 768000000,
        "commonstockdividendspersharecashpaid": 0.79
    },
    {
        "date": "2015-03-30",
        "symbol": "AMGN",
        "period": "Q1",
        "netincomeloss": -22000000,
        "othercomprehensiveincomeforeigncurrencytransactionandtranslationadjustmentnetoftaxportionattributabletoparent": -173000000,
        "othercomprehensiveincomederivativesqualifyingashedgesnetoftaxportionattributabletoparent": 178000000,
        "othercomprehensiveincomeavailableforsalesecuritiesadjustmentnetoftaxportionattributabletoparent": 140000000,
        "othercomprehensiveincomelossnetoftaxportionattributabletoparent": 145000000,
        "comprehensiveincomenetoftax": 1768000000,
        "salesrevenuegoodsnet": 69000000,
        "othersalesrevenuenet": 159000000,
        "revenues": 5033000000,
        "costofgoodssold": 1033000000,
        "researchanddevelopmentexpenseexcludingacquiredinprocesscost": 894000000,
        "sellinggeneralandadministrativeexpense": 1026000000,
        "othergeneralexpense": 58000000,
        "costsandexpenses": 3011000000,
        "operatingincomeloss": 2022000000,
        "interestexpensedebt": 252000000,
        "nonoperatingincomeexpense": -35000000,
        "incomelossfromcontinuingoperationsbeforeincometaxesminorityinterestandincomelossfromequitymethodinvestments": -114000000,
        "incometaxexpensebenefit": -13000000,
        "earningspersharebasic": 2.13,
        "earningspersharediluted": 2.11,
        "weightedaveragenumberofsharesoutstandingbasic": 761000000,
        "weightedaveragenumberofdilutedsharesoutstanding": 770000000,
        "commonstockdividendspersharecashpaid": 0.79
    },
    {
        "date": "2014-09-29",
        "symbol": "AMGN",
        "period": "Q3",
        "netincomeloss": -111000000,
        "othercomprehensiveincomeforeigncurrencytransactionandtranslationadjustmentnetoftaxportionattributabletoparent": -124000000,
        "othercomprehensiveincomederivativesqualifyingashedgesnetoftaxportionattributabletoparent": 228000000,
        "othercomprehensiveincomeavailableforsalesecuritiesadjustmentnetoftaxportionattributabletoparent": -94000000,
        "othercomprehensiveincomelossothergainslossesnetoftaxportionattributabletoparent": 9000000,
        "othercomprehensiveincomelossnetoftaxportionattributabletoparent": 19000000,
        "comprehensiveincomenetoftax": 1263000000,
        "salesrevenuegoodsnet": 5000000,
        "othersalesrevenuenet": 183000000,
        "revenues": 5031000000,
        "costofgoodssold": 1068000000,
        "researchanddevelopmentexpenseexcludingacquiredinprocesscost": 1018000000,
        "sellinggeneralandadministrativeexpense": 1213000000,
        "othergeneralexpense": 266000000,
        "costsandexpenses": 3565000000,
        "operatingincomeloss": 1466000000,
        "interestexpensedebt": 1000000,
        "nonoperatingincomeexpense": -179000000,
        "incomelossfromcontinuingoperationsbeforeincometaxesminorityinterestandincomelossfromequitymethodinvestments": -175000000,
        "incometaxexpensebenefit": -4000000,
        "earningspersharebasic": 1.63,
        "earningspersharediluted": 1.61,
        "weightedaveragenumberofsharesoutstandingbasic": 761000000,
        "weightedaveragenumberofdilutedsharesoutstanding": 771000000,
        "commonstockdividendspersharecashpaid": 0.61
    },
    {
        "date": "2014-06-29",
        "symbol": "AMGN",
        "period": "Q2",
        "netincomeloss": 25000000,
        "othercomprehensiveincomeforeigncurrencytransactionandtranslationadjustmentnetoftaxportionattributabletoparent": 7000000,
        "othercomprehensiveincomederivativesqualifyingashedgesnetoftaxportionattributabletoparent": -25000000,
        "othercomprehensiveincomeavailableforsalesecuritiesadjustmentnetoftaxportionattributabletoparent": 21000000,
        "othercomprehensiveincomelossothergainslossesnetoftaxportionattributabletoparent": 0,
        "othercomprehensiveincomelossnetoftaxportionattributabletoparent": 3000000,
        "comprehensiveincomenetoftax": 1550000000,
        "salesrevenuegoodsnet": 4949000000,
        "othersalesrevenuenet": 231000000,
        "revenues": 5180000000,
        "costofgoodssold": 1081000000,
        "researchanddevelopmentexpenseexcludingacquiredinprocesscost": 1018000000,
        "sellinggeneralandadministrativeexpense": 1136000000,
        "othergeneralexpense": 43000000,
        "costsandexpenses": 3278000000,
        "operatingincomeloss": 1902000000,
        "interestexpensedebt": 282000000,
        "nonoperatingincomeexpense": 48000000,
        "incomelossfromcontinuingoperationsbeforeincometaxesminorityinterestandincomelossfromequitymethodinvestments": 48000000,
        "incometaxexpensebenefit": 18000000,
        "earningspersharebasic": 2.04,
        "earningspersharediluted": 2.0100000000000002,
        "weightedaveragenumberofsharesoutstandingbasic": 1000000,
        "weightedaveragenumberofdilutedsharesoutstanding": 0,
        "commonstockdividendspersharecashpaid": 0.61
    },
    {
        "date": "2014-03-30",
        "symbol": "AMGN",
        "period": "Q1",
        "netincomeloss": 1000000,
        "othercomprehensiveincomeforeigncurrencytransactionandtranslationadjustmentnetoftaxportionattributabletoparent": -8000000,
        "othercomprehensiveincomederivativesqualifyingashedgesnetoftaxportionattributabletoparent": 2000000,
        "othercomprehensiveincomeavailableforsalesecuritiesadjustmentnetoftaxportionattributabletoparent": 40000000,
        "othercomprehensiveincomelossothergainslossesnetoftaxportionattributabletoparent": 1000000,
        "othercomprehensiveincomelossnetoftaxportionattributabletoparent": 35000000,
        "comprehensiveincomenetoftax": 1108000000,
        "salesrevenuegoodsnet": 4356000000,
        "othersalesrevenuenet": 165000000,
        "revenues": 4521000000,
        "costofgoodssold": 1090000000,
        "researchanddevelopmentexpenseexcludingacquiredinprocesscost": 1027000000,
        "sellinggeneralandadministrativeexpense": 1023000000,
        "othergeneralexpense": 17000000,
        "costsandexpenses": 3157000000,
        "operatingincomeloss": 1364000000,
        "interestexpensedebt": 259000000,
        "nonoperatingincomeexpense": 14000000,
        "incomelossfromcontinuingoperationsbeforeincometaxesminorityinterestandincomelossfromequitymethodinvestments": 14000000,
        "incometaxexpensebenefit": 5000000,
        "earningspersharebasic": 1.42,
        "earningspersharediluted": 1.4,
        "weightedaveragenumberofsharesoutstandingbasic": 757000000,
        "weightedaveragenumberofdilutedsharesoutstanding": 768000000,
        "commonstockdividendspersharecashpaid": 0.61
    },
    {
        "date": "2013-09-29",
        "symbol": "AMGN",
        "period": "Q3",
        "netincomeloss": 100000000,
        "othercomprehensiveincomeforeigncurrencytransactionandtranslationadjustmentnetoftaxportionattributabletoparent": 12000000,
        "othercomprehensiveincomederivativesqualifyingashedgesnetoftaxportionattributabletoparent": -84000000,
        "othercomprehensiveincomeavailableforsalesecuritiesadjustmentnetoftaxportionattributabletoparent": 48000000,
        "othercomprehensiveincomelossothergainslossesnetoftaxportionattributabletoparent": -2000000,
        "othercomprehensiveincomelossnetoftaxportionattributabletoparent": -26000000,
        "comprehensiveincomenetoftax": 1342000000,
        "salesrevenuegoodsnet": 6000000,
        "othersalesrevenuenet": 101000000,
        "revenues": 4748000000,
        "costofgoodssold": 788000000,
        "researchanddevelopmentexpenseexcludingacquiredinprocesscost": 989000000,
        "sellinggeneralandadministrativeexpense": 1249000000,
        "othergeneralexpense": 34000000,
        "costsandexpenses": 3060000000,
        "operatingincomeloss": 1688000000,
        "interestexpensedebt": 257000000,
        "nonoperatingincomeexpense": 153000000,
        "incomelossfromcontinuingoperationsbeforeincometaxesminorityinterestandincomelossfromequitymethodinvestments": 159000000,
        "incometaxexpensebenefit": 59000000,
        "earningspersharebasic": 1.81,
        "earningspersharediluted": 1.79,
        "weightedaveragenumberofsharesoutstandingbasic": 754000000,
        "weightedaveragenumberofdilutedsharesoutstanding": 766000000,
        "commonstockdividendspersharecashpaid": 0.47
    },
    {
        "date": "2013-06-29",
        "symbol": "AMGN",
        "period": "Q2",
        "netincomeloss": 4000000,
        "othercomprehensiveincomeforeigncurrencytransactionandtranslationadjustmentnetoftaxportionattributabletoparent": -25000000,
        "othercomprehensiveincomederivativesqualifyingashedgesnetoftaxportionattributabletoparent": 22000000,
        "othercomprehensiveincomeavailableforsalesecuritiesadjustmentnetoftaxportionattributabletoparent": -205000000,
        "othercomprehensiveincomelossothergainslossesnetoftaxportionattributabletoparent": 0,
        "othercomprehensiveincomelossnetoftaxportionattributabletoparent": -208000000,
        "comprehensiveincomenetoftax": 1050000000,
        "salesrevenuegoodsnet": 7000000,
        "othersalesrevenuenet": 84000000,
        "revenues": 4679000000,
        "costofgoodssold": 785000000,
        "researchanddevelopmentexpenseexcludingacquiredinprocesscost": 967000000,
        "sellinggeneralandadministrativeexpense": 1256000000,
        "othergeneralexpense": 121000000,
        "costsandexpenses": 3129000000,
        "operatingincomeloss": 1550000000,
        "interestexpensedebt": -262000000,
        "nonoperatingincomeexpense": 12000000,
        "incomelossfromcontinuingoperationsbeforeincometaxesminorityinterestandincomelossfromequitymethodinvestments": 18000000,
        "incometaxexpensebenefit": 81000000,
        "earningspersharebasic": 1.6700000000000002,
        "earningspersharediluted": 1.6400000000000001,
        "weightedaveragenumberofsharesoutstandingbasic": 1000000,
        "weightedaveragenumberofdilutedsharesoutstanding": 0,
        "commonstockdividendspersharecashpaid": 0.47
    },
    {
        "date": "2013-03-30",
        "symbol": "AMGN",
        "period": "Q1",
        "netincomeloss": 42000000,
        "othercomprehensiveincomeforeigncurrencytransactionandtranslationadjustmentnetoftaxportionattributabletoparent": -23000000,
        "othercomprehensiveincomederivativesqualifyingashedgesnetoftaxportionattributabletoparent": 75000000,
        "othercomprehensiveincomeavailableforsalesecuritiesadjustmentnetoftaxportionattributabletoparent": -62000000,
        "othercomprehensiveincomelossothergainslossesnetoftaxportionattributabletoparent": 1000000,
        "othercomprehensiveincomelossnetoftaxportionattributabletoparent": -9000000,
        "comprehensiveincomenetoftax": 1425000000,
        "salesrevenuegoodsnet": -4000000,
        "othersalesrevenuenet": 87000000,
        "revenues": 4238000000,
        "costofgoodssold": 744000000,
        "researchanddevelopmentexpenseexcludingacquiredinprocesscost": 878000000,
        "sellinggeneralandadministrativeexpense": 1158000000,
        "othergeneralexpense": 16000000,
        "costsandexpenses": 2796000000,
        "operatingincomeloss": 1442000000,
        "interestexpensedebt": 263000000,
        "nonoperatingincomeexpense": -140000000,
        "incomelossfromcontinuingoperationsbeforeincometaxesminorityinterestandincomelossfromequitymethodinvestments": -144000000,
        "incometaxexpensebenefit": -53000000,
        "earningspersharebasic": 1.91,
        "earningspersharediluted": 1.88,
        "weightedaveragenumberofsharesoutstandingbasic": 751000000,
        "weightedaveragenumberofdilutedsharesoutstanding": 764000000,
        "commonstockdividendspersharecashpaid": 0.47
    },
    {
        "date": "2012-12-30",
        "symbol": "AMGN",
        "period": "Q4",
        "netincomeloss": 788000000,
        "comprehensiveincomenetoftax": 787000000,
        "salesrevenuegoodsnet": -11830000000,
        "othersalesrevenuenet": 84000000,
        "revenues": 4421000000,
        "costofgoodssoldexcludingamortizationofacquiredintangibleassets": 852000000,
        "researchanddevelopmentexpenseexcludingacquiredinprocesscost": 938000000,
        "sellinggeneralandadministrativeexpense": 1370000000,
        "amortizationofacquiredintangibleasset": 73000000,
        "othergeneralexpense": 100000000,
        "costsandexpenses": 3333000000,
        "operatingincomeloss": 1088000000,
        "interestexpensedebt": -611000000,
        "nonoperatingincomeexpense": 126000000,
        "incomelossfromcontinuingoperationsbeforeincometaxesminorityinterestandincomelossfromequitymethodinvestments": 923000000,
        "incometaxexpensebenefit": 135000000,
        "earningspersharebasic": 1.04,
        "earningspersharediluted": 1.0199999999999991,
        "weightedaveragenumberofsharesoutstandingbasic": -1563000000,
        "weightedaveragenumberofdilutedsharesoutstanding": -1581000000
    },
    {
        "date": "2012-09-29",
        "symbol": "AMGN",
        "period": "Q3",
        "netincomeloss": 1107000000,
        "othercomprehensiveincomelossnetoftaxportionattributabletoparent": -4000000,
        "comprehensiveincomenetoftax": 1103000000,
        "salesrevenuegoodsnet": 4201000000,
        "othersalesrevenuenet": 118000000,
        "revenues": 4319000000,
        "costofgoodssoldexcludingamortizationofacquiredintangibleassets": 705000000,
        "researchanddevelopmentexpenseexcludingacquiredinprocesscost": 880000000,
        "sellinggeneralandadministrativeexpense": 1127000000,
        "amortizationofacquiredintangibleasset": 74000000,
        "othergeneralexpense": 110000000,
        "costsandexpenses": 2896000000,
        "operatingincomeloss": 1423000000,
        "interestexpensedebt": 271000000,
        "nonoperatingincomeexpense": 111000000,
        "incomelossfromcontinuingoperationsbeforeincometaxesminorityinterestandincomelossfromequitymethodinvestments": 1263000000,
        "incometaxexpensebenefit": 156000000,
        "earningspersharebasic": 1.44,
        "earningspersharediluted": 1.41,
        "weightedaveragenumberofsharesoutstandingbasic": 771000000,
        "weightedaveragenumberofdilutedsharesoutstanding": 783000000,
        "commonstockdividendspersharecashpaid": 0.36
    },
    {
        "date": "2012-06-29",
        "symbol": "AMGN",
        "period": "Q2",
        "salesrevenuegoodsnet": 4200000000,
        "othersalesrevenuenet": 277000000,
        "revenues": 4477000000,
        "costofgoodssoldexcludingamortizationofacquiredintangibleassets": 682000000,
        "researchanddevelopmentexpenseexcludingacquiredinprocesscost": 826000000,
        "sellinggeneralandadministrativeexpense": 1228000000,
        "amortizationofacquiredintangibleasset": 73000000,
        "othergeneralexpense": 79000000,
        "costsandexpenses": 2888000000,
        "operatingincomeloss": 1589000000,
        "interestexpensedebt": 256000000,
        "nonoperatingincomeexpense": 124000000,
        "incomelossfromcontinuingoperationsbeforeincometaxesminorityinterestandincomelossfromequitymethodinvestments": 1457000000,
        "incometaxexpensebenefit": 191000000,
        "netincomeloss": 1266000000,
        "earningspersharebasic": 1.63,
        "earningspersharediluted": 1.61,
        "weightedaveragenumberofsharesoutstandingbasic": 776000000,
        "weightedaveragenumberofdilutedsharesoutstanding": 785000000,
        "commonstockdividendspersharecashpaid": 0.36,
        "othercomprehensiveincomelossnetoftaxportionattributabletoparent": 45000000,
        "comprehensiveincomenetoftax": 1311000000
    },
    {
        "date": "2012-03-30",
        "symbol": "AMGN",
        "period": "Q1",
        "salesrevenuegoodsnet": 3901000000,
        "othersalesrevenuenet": 147000000,
        "revenues": 4048000000,
        "costofgoodssoldexcludingamortizationofacquiredintangibleassets": 679000000,
        "researchanddevelopmentexpenseexcludingacquiredinprocesscost": 736000000,
        "sellinggeneralandadministrativeexpense": 1076000000,
        "amortizationofacquiredintangibleasset": 74000000,
        "othergeneralexpense": 6000000,
        "costsandexpenses": 2571000000,
        "operatingincomeloss": 1477000000,
        "interestexpensedebt": 235000000,
        "nonoperatingincomeexpense": 124000000,
        "incomelossfromcontinuingoperationsbeforeincometaxesminorityinterestandincomelossfromequitymethodinvestments": 1366000000,
        "incometaxexpensebenefit": 182000000,
        "netincomeloss": 1184000000,
        "earningspersharebasic": 1.5,
        "earningspersharediluted": 1.48,
        "weightedaveragenumberofsharesoutstandingbasic": 791000000,
        "weightedaveragenumberofdilutedsharesoutstanding": 800000000,
        "commonstockdividendspersharecashpaid": 0.36,
        "othercomprehensiveincomelossnetoftaxperiodincreasedecrease": -65000000,
        "comprehensiveincomenetoftax": 1119000000
    },
    {
        "date": "2011-09-29",
        "symbol": "AMGN",
        "period": "Q3",
        "salesrevenuegoodsnet": 3877000000,
        "othersalesrevenuenet": 67000000,
        "revenues": 3944000000,
        "costofgoodssoldexcludingamortizationofacquiredintangibleassets": 605000000,
        "researchanddevelopmentexpenseexcludingacquiredinprocesscost": 761000000,
        "sellinggeneralandadministrativeexpense": 1125000000,
        "othergeneralexpense": 854000000,
        "costsandexpenses": 3419000000,
        "operatingincomeloss": 525000000,
        "interestexpensedebt": 158000000,
        "nonoperatingincomeexpense": 87000000,
        "incomelossfromcontinuingoperationsbeforeincometaxesminorityinterestandincomelossfromequitymethodinvestments": 454000000,
        "incometaxexpensebenefit": 0,
        "netincomeloss": 454000000,
        "earningspersharebasic": 0.51,
        "earningspersharediluted": 0.51,
        "weightedaveragenumberofsharesoutstandingbasic": -938000000,
        "weightedaveragenumberofdilutedsharesoutstanding": -946000000
    },
    {
        "date": "2011-06-29",
        "symbol": "AMGN",
        "period": "Q2",
        "salesrevenuegoodsnet": 3893000000,
        "othersalesrevenuenet": 66000000,
        "revenues": 3959000000,
        "costofgoodssoldexcludingamortizationofacquiredintangibleassets": 602000000,
        "researchanddevelopmentexpenseexcludingacquiredinprocesscost": 819000000,
        "sellinggeneralandadministrativeexpense": 1130000000,
        "amortizationofacquiredintangibleasset": 73000000,
        "othergeneralexpense": 3000000,
        "costsandexpenses": 2627000000,
        "operatingincomeloss": 1332000000,
        "interestexpensedebt": 122000000,
        "nonoperatingincomeexpense": 129000000,
        "incomelossfromcontinuingoperationsbeforeincometaxesminorityinterestandincomelossfromequitymethodinvestments": 1339000000,
        "incometaxexpensebenefit": 169000000,
        "netincomeloss": 1170000000,
        "earningspersharebasic": 1.26,
        "earningspersharediluted": 1.25,
        "weightedaveragenumberofsharesoutstandingbasic": 927000000,
        "weightedaveragenumberofdilutedsharesoutstanding": 935000000
    },
    {
        "date": "2011-03-30",
        "symbol": "AMGN",
        "period": "Q1",
        "salesrevenuegoodsnet": 3618000000,
        "othersalesrevenuenet": 88000000,
        "revenues": 3706000000,
        "costofgoodssoldexcludingamortizationofacquiredintangibleassets": 564000000,
        "researchanddevelopmentexpenseexcludingacquiredinprocesscost": 736000000,
        "sellinggeneralandadministrativeexpense": 1023000000,
        "amortizationofacquiredintangibleassets": 74000000,
        "othergeneralexpense": 16000000,
        "costsandexpenses": 2413000000,
        "operatingincomeloss": 1293000000,
        "interestexpensedebt": 135000000,
        "nonoperatingincomeexpense": 148000000,
        "incomelossfromcontinuingoperationsbeforeincometaxesminorityinterestandincomelossfromequitymethodinvestments": 1306000000,
        "incometaxexpensebenefit": 181000000,
        "netincomeloss": 1125000000,
        "earningspersharebasic": 1.21,
        "earningspersharediluted": 1.2,
        "weightedaveragenumberofsharesoutstandingbasic": 933000000,
        "weightedaveragenumberofdilutedsharesoutstanding": 941000000
    },
    {
        "date": "2010-09-29",
        "symbol": "AMGN",
        "period": "Q3",
        "salesrevenuegoodsnet": 3759000000,
        "othersalesrevenuenet": 57000000,
        "revenues": 3816000000,
        "costofgoodssoldexcludingamortizationofacquiredintangibleassets": 587000000,
        "researchanddevelopmentexpenseexcludingacquiredinprocesscost": 719000000,
        "sellinggeneralandadministrativeexpense": 957000000,
        "amortizationofacquiredintangibleassets": 74000000,
        "costsandexpenses": 2337000000,
        "operatingincomeloss": 1479000000,
        "interestexpensedebt": 150000000,
        "nonoperatingincomeexpense": 105000000,
        "incomelossfromcontinuingoperationsbeforeincometaxesminorityinterestandincomelossfromequitymethodinvestments": 1434000000,
        "incometaxexpensebenefit": 198000000,
        "netincomeloss": 1236000000,
        "earningspersharebasic": 1.29,
        "earningspersharediluted": 1.28,
        "weightedaveragenumberofsharesoutstandingbasic": -4000000,
        "weightedaveragenumberofdilutedsharesoutstanding": -5000000
    },
    {
        "date": "2010-06-29",
        "symbol": "AMGN",
        "period": "Q2",
        "salesrevenuegoodsnet": 3613000000,
        "othersalesrevenuenet": 191000000,
        "revenues": 3804000000,
        "costofgoodssoldexcludingamortizationofacquiredintangibleassets": 553000000,
        "researchanddevelopmentexpenseexcludingacquiredinprocesscost": 675000000,
        "sellinggeneralandadministrativeexpense": 986000000,
        "amortizationofacquiredintangibleassets": 73000000,
        "othergeneralexpense": 0,
        "costsandexpenses": 2287000000,
        "operatingincomeloss": 1517000000,
        "interestexpensedebt": 147000000,
        "nonoperatingincomeexpense": 94000000,
        "incomelossfromcontinuingoperationsbeforeincometaxesminorityinterestandincomelossfromequitymethodinvestments": 1464000000,
        "incometaxexpensebenefit": 262000000,
        "netincomeloss": 1202000000,
        "earningspersharebasic": 1.25,
        "earningspersharediluted": 1.2500000000000002,
        "weightedaveragenumberofsharesoutstandingbasic": -12000000,
        "weightedaveragenumberofdilutedsharesoutstanding": -12000000
    },
    {
        "date": "2010-03-30",
        "symbol": "AMGN",
        "period": "Q1",
        "salesrevenuegoodsnet": 3528000000,
        "othersalesrevenuenet": 64000000,
        "revenues": 3592000000,
        "costofgoodssoldexcludingamortizationofacquiredintangibleassets": 508000000,
        "researchanddevelopmentexpenseexcludingacquiredinprocesscost": 646000000,
        "sellinggeneralandadministrativeexpense": 884000000,
        "amortizationofacquiredintangibleassets": 74000000,
        "othergeneralexpense": -1000000,
        "costsandexpenses": 2111000000,
        "operatingincomeloss": 1481000000,
        "interestexpensedebt": 145000000,
        "nonoperatingincomeexpense": 84000000,
        "incomelossfromcontinuingoperationsbeforeincometaxesminorityinterestandincomelossfromequitymethodinvestments": 1420000000,
        "incometaxexpensebenefit": 253000000,
        "netincomeloss": 1167000000,
        "earningspersharebasic": 1.19,
        "earningspersharediluted": 1.18,
        "weightedaveragenumberofsharesoutstandingbasic": 982000000,
        "weightedaveragenumberofdilutedsharesoutstanding": 988000000
    },
    {
        "date": "2009-09-29",
        "symbol": "AMGN",
        "period": "Q3",
        "salesrevenuegoodsnet": 3736000000,
        "othersalesrevenuenet": 76000000,
        "revenues": 3812000000,
        "costofgoodssoldexcludingamortizationofacquiredintangibleassets": 545000000,
        "researchanddevelopmentexpenseexcludingacquiredinprocesscost": 647000000,
        "sellinggeneralandadministrativeexpense": 932000000,
        "amortizationofacquiredintangibleassets": 74000000,
        "othergeneralexpense": 9000000,
        "costsandexpenses": 2207000000,
        "operatingincomeloss": 1605000000,
        "interestexpensedebt": 139000000,
        "nonoperatingincomeexpense": 74000000,
        "incomelossfromcontinuingoperationsbeforeincometaxesminorityinterestandincomelossfromequitymethodinvestments": 1540000000,
        "incometaxexpensebenefit": 154000000,
        "netincomeloss": 1386000000,
        "earningspersharebasic": 1.36,
        "earningspersharediluted": 1.36,
        "weightedaveragenumberofsharesoutstandingbasic": 1016000000,
        "weightedaveragenumberofdilutedsharesoutstanding": 1022000000
    }
]