[
    {
        "date": "2024-09-29",
        "symbol": "CI",
        "period": "Q3",
        "revenuefromcontractwithcustomerexcludingassessedtax": 3889000000,
        "premiumsearnednet": 11436000000,
        "netinvestmentincome": 85000000,
        "revenues": 63694000000,
        "costofgoodsandservicessold": 47565000000,
        "policyholderbenefitsandclaimsincurrednet": 9527000000,
        "sellinggeneralandadministrativeexpense": 3590000000,
        "amortizationofintangibleassets": 436000000,
        "benefitslossesandexpenses": 61118000000,
        "operatingincomeloss": 2576000000,
        "othernonoperatingincomeexpense": -376000000,
        "gainlossonsaleofbusiness": -87000000,
        "realizedinvestmentgainloss": -921000000,
        "incomelossfromcontinuingoperationsbeforeincometaxesextraordinaryitemsnoncontrollinginterest": 1192000000,
        "incometaxexpensebenefit": 367000000,
        "profitloss": 825000000,
        "netincomelossattributabletononcontrollinginterest": 86000000,
        "netincomelossavailabletocommonstockholdersbasic": 739000000,
        "earningspersharebasic": 2.65,
        "earningspersharediluted": 2.63,
        "othercomprehensiveincomelossavailableforsalesecuritiesandderivativesadjustmentnetoftax": 264000000,
        "ociliabilityforfuturepolicybenefitandmarketriskbenefitinstrumentspecificcreditriskgainlossafterreclassificationadjustmentandtaxportionattributabletoparent": -28000000,
        "othercomprehensiveincomelossforeigncurrencytransactionandtranslationadjustmentnetoftaxincludingtemporaryequity": 39000000,
        "othercomprehensiveincomelosspensionandotherpostretirementbenefitplansadjustmentnetoftax": -4000000,
        "othercomprehensiveincomelossnetoftaxincludingtemporaryequity": 39000000,
        "comprehensiveincomelossnetoftaxincludingportionattributabletononcontrollinginterestincludingtemporaryequity": 1104000000,
        "netincomelossattributabletononredeemablenoncontrollinginterest": 86000000,
        "comprehensiveincomenetoftaxattributabletononcontrollinginterest": 86000000,
        "comprehensiveincomenetoftax": 1018000000
    },
    {
        "date": "2024-06-29",
        "symbol": "CI",
        "period": "Q2",
        "revenuefromcontractwithcustomerexcludingassessedtax": 45101000000,
        "premiumsearnednet": 11454000000,
        "netinvestmentincome": 321000000,
        "revenues": 60523000000,
        "costofgoodsandservicessold": 44492000000,
        "policyholderbenefitsandclaimsincurrednet": 9515000000,
        "sellinggeneralandadministrativeexpense": 3684000000,
        "amortizationofintangibleassets": 420000000,
        "benefitslossesandexpenses": 58111000000,
        "operatingincomeloss": 2412000000,
        "othernonoperatingincomeexpense": -375000000,
        "gainlossonsaleofbusiness": 0,
        "realizedinvestmentgainloss": -48000000,
        "incomelossfromcontinuingoperationsbeforeincometaxesextraordinaryitemsnoncontrollinginterest": 1989000000,
        "incometaxexpensebenefit": 360000000,
        "profitloss": 1629000000,
        "netincomelossattributabletononcontrollinginterest": 81000000,
        "netincomelossavailabletocommonstockholdersbasic": 1548000000,
        "earningspersharebasic": 5.45,
        "earningspersharediluted": 5.3999999999999995,
        "othercomprehensiveincomelossavailableforsalesecuritiesandderivativesadjustmentnetoftax": 108000000,
        "ociliabilityforfuturepolicybenefitandmarketriskbenefitinstrumentspecificcreditriskgainlossafterreclassificationadjustmentandtaxportionattributabletoparent": -212000000,
        "othercomprehensiveincomelossforeigncurrencytransactionandtranslationadjustmentnetoftaxincludingtemporaryequity": -5000000,
        "othercomprehensiveincomelosspensionandotherpostretirementbenefitplansadjustmentnetoftax": 9000000,
        "othercomprehensiveincomelossnetoftaxincludingtemporaryequity": -118000000,
        "comprehensiveincomelossnetoftaxincludingportionattributabletononcontrollinginterestincludingtemporaryequity": 1511000000,
        "netincomelossattributabletononredeemablenoncontrollinginterest": 81000000,
        "comprehensiveincomenetoftaxattributabletononcontrollinginterest": 81000000,
        "comprehensiveincomenetoftax": 1430000000
    },
    {
        "date": "2024-03-30",
        "symbol": "CI",
        "period": "Q1",
        "revenuefromcontractwithcustomerexcludingassessedtax": 42036000000,
        "premiumsearnednet": 11603000000,
        "netinvestmentincome": 290000000,
        "revenues": 57255000000,
        "costofgoodsandservicessold": 41431000000,
        "policyholderbenefitsandclaimsincurrednet": 9440000000,
        "sellinggeneralandadministrativeexpense": 3705000000,
        "amortizationofintangibleassets": 423000000,
        "benefitslossesandexpenses": 54999000000,
        "operatingincomeloss": 2256000000,
        "othernonoperatingincomeexpense": -322000000,
        "gainlossonsaleofbusiness": -19000000,
        "realizedinvestmentgainloss": -1836000000,
        "incomelossfromcontinuingoperationsbeforeincometaxesextraordinaryitemsnoncontrollinginterest": 79000000,
        "incometaxexpensebenefit": 291000000,
        "profitloss": -212000000,
        "netincomelossattributabletononcontrollinginterest": 65000000,
        "netincomelossavailabletocommonstockholdersbasic": -277000000,
        "earningspersharebasic": -0.97,
        "earningspersharediluted": -0.97,
        "othercomprehensiveincomelossavailableforsalesecuritiesandderivativesadjustmentnetoftax": 121000000,
        "ociliabilityforfuturepolicybenefitandmarketriskbenefitinstrumentspecificcreditriskgainlossafterreclassificationadjustmentandtaxportionattributabletoparent": -560000000,
        "othercomprehensiveincomelossforeigncurrencytransactionandtranslationadjustmentnetoftaxincludingtemporaryequity": -26000000,
        "othercomprehensiveincomelosspensionandotherpostretirementbenefitplansadjustmentnetoftax": -5000000,
        "othercomprehensiveincomelossnetoftaxincludingtemporaryequity": -460000000,
        "comprehensiveincomelossnetoftaxincludingportionattributabletononcontrollinginterestincludingtemporaryequity": -672000000,
        "netincomelossattributabletononredeemablenoncontrollinginterest": 65000000,
        "comprehensiveincomenetoftaxattributabletononcontrollinginterest": 65000000,
        "comprehensiveincomenetoftax": -737000000
    },
    {
        "date": "2023-12-30",
        "symbol": "CI",
        "period": "Q4",
        "revenuefromcontractwithcustomerexcludingassessedtax": 105012000000,
        "premiumsearnednet": 33205000000,
        "netinvestmentincome": 834000000,
        "revenues": 151253000000,
        "costofgoodsandservicessold": 35261000000,
        "policyholderbenefitsandclaimsincurrednet": 9280000000,
        "sellinggeneralandadministrativeexpense": 4062000000,
        "amortizationofintangibleassets": 1338000000,
        "benefitslossesandexpenses": 49054000000,
        "operatingincomeloss": 2060000000,
        "othernonoperatingincomeexpense": -360000000,
        "realizedinvestmentgainloss": -34000000,
        "incomelossfromcontinuingoperationsbeforeincometaxesextraordinaryitemsnoncontrollinginterest": 4517000000,
        "incometaxexpensebenefit": -919000000,
        "profitloss": 1107000000,
        "netincomelossattributabletononcontrollinginterest": 78000000,
        "netincomelossavailabletocommonstockholdersbasic": 1029000000,
        "earningspersharebasic": 3.540000000000001,
        "earningspersharediluted": 3.49,
        "othercomprehensiveincomelossavailableforsalesecuritiesandderivativesadjustmentnetoftax": 481000000,
        "othercomprehensiveincomelossforeigncurrencytransactionandtranslationadjustmentnetoftaxincludingtemporaryequity": 37000000,
        "othercomprehensiveincomelosspensionandotherpostretirementbenefitplansadjustmentnetoftax": 24000000,
        "othercomprehensiveincomelossnetoftaxincludingtemporaryequity": 255000000,
        "comprehensiveincomelossnetoftaxincludingportionattributabletononcontrollinginterestincludingtemporaryequity": 1362000000,
        "netincomelossattributabletoredeemablenoncontrollinginterest": 64000000,
        "netincomelossattributabletononredeemablenoncontrollinginterest": 14000000,
        "comprehensiveincomenetoftaxattributabletononcontrollinginterest": 78000000,
        "comprehensiveincomenetoftax": 1284000000
    },
    {
        "date": "2023-09-29",
        "symbol": "CI",
        "period": "Q3",
        "revenuefromcontractwithcustomerexcludingassessedtax": 34531000000,
        "premiumsearnednet": 10998000000,
        "netinvestmentincome": 321000000,
        "revenues": 49048000000,
        "costofgoodsandservicessold": 33639000000,
        "policyholderbenefitsandclaimsincurrednet": 8927000000,
        "sellinggeneralandadministrativeexpense": 3788000000,
        "amortizationofintangibleassets": 454000000,
        "benefitslossesandexpenses": 46808000000,
        "operatingincomeloss": 2240000000,
        "othernonoperatingincomeexpense": -365000000,
        "gainlossonsaleofbusiness": -21000000,
        "realizedinvestmentgainloss": -14000000,
        "incomelossfromcontinuingoperationsbeforeincometaxesextraordinaryitemsnoncontrollinginterest": 1840000000,
        "incometaxexpensebenefit": 391000000,
        "profitloss": 1449000000,
        "netincomelossattributabletononcontrollinginterest": 41000000,
        "netincomelossavailabletocommonstockholdersbasic": 1408000000,
        "earningspersharebasic": 4.79,
        "earningspersharediluted": 4.74,
        "othercomprehensiveincomelossavailableforsalesecuritiesandderivativesadjustmentnetoftax": -192000000,
        "ociliabilityforfuturepolicybenefitandmarketriskbenefitinstrumentspecificcreditriskgainlossafterreclassificationadjustmentandtax": -28000000,
        "othercomprehensiveincomelossforeigncurrencytransactionandtranslationadjustmentnetoftaxincludingtemporaryequity": -29000000,
        "othercomprehensiveincomelosspensionandotherpostretirementbenefitplansadjustmentnetoftax": -8000000,
        "othercomprehensiveincomelossnetoftaxincludingtemporaryequity": -241000000,
        "comprehensiveincomelossnetoftaxincludingportionattributabletononcontrollinginterestincludingtemporaryequity": 1208000000,
        "netincomelossattributabletoredeemablenoncontrollinginterest": 37000000,
        "netincomelossattributabletononredeemablenoncontrollinginterest": 4000000,
        "comprehensiveincomenetoftaxattributabletononcontrollinginterest": 41000000,
        "comprehensiveincomenetoftax": 1167000000
    },
    {
        "date": "2023-06-29",
        "symbol": "CI",
        "period": "Q2",
        "revenuefromcontractwithcustomerexcludingassessedtax": -1199000000,
        "premiumsearnednet": 18000000,
        "netinvestmentincome": 5000000,
        "revenues": -2461000000,
        "costofgoodsandservicessold": 33442000000,
        "policyholderbenefitsandclaimsincurrednet": 9034000000,
        "sellinggeneralandadministrativeexpense": 3434000000,
        "amortizationofintangibleassets": 12000000,
        "benefitslossesandexpenses": 46365000000,
        "operatingincomeloss": 2221000000,
        "othernonoperatingincomeexpense": -363000000,
        "realizedinvestmentgainloss": 26000000,
        "incomelossfromcontinuingoperationsbeforeincometaxesextraordinaryitemsnoncontrollinginterest": -429000000,
        "incometaxexpensebenefit": 374000000,
        "profitloss": 1510000000,
        "netincomelossattributabletononcontrollinginterest": 50000000,
        "netincomelossavailabletocommonstockholdersbasic": 1460000000,
        "earningspersharebasic": 4.96,
        "earningspersharediluted": 4.92,
        "othercomprehensiveincomelossavailableforsalesecuritiesandderivativesadjustmentnetoftax": 20000000,
        "ociliabilityforfuturepolicybenefitandmarketriskbenefitinstrumentspecificcreditriskgainlossafterreclassificationadjustmentandtax": -117000000,
        "othercomprehensiveincomelossforeigncurrencytransactionandtranslationadjustmentnetoftaxincludingtemporaryequity": -19000000,
        "othercomprehensiveincomelosspensionandotherpostretirementbenefitplansadjustmentnetoftax": -7000000,
        "othercomprehensiveincomelossnetoftaxincludingtemporaryequity": -109000000,
        "comprehensiveincomelossnetoftaxincludingportionattributabletononcontrollinginterestincludingtemporaryequity": 1401000000,
        "netincomelossattributabletoredeemablenoncontrollinginterest": 45000000,
        "netincomelossattributabletononredeemablenoncontrollinginterest": 5000000,
        "comprehensiveincomenetoftaxattributabletononcontrollinginterest": 50000000,
        "comprehensiveincomenetoftax": 1351000000
    },
    {
        "date": "2023-03-30",
        "symbol": "CI",
        "period": "Q1",
        "revenuefromcontractwithcustomerexcludingassessedtax": -1101000000,
        "premiumsearnednet": 16000000,
        "netinvestmentincome": 6000000,
        "revenues": -2575000000,
        "costofgoodsandservicessold": 31459000000,
        "policyholderbenefitsandclaimsincurrednet": 9046000000,
        "sellinggeneralandadministrativeexpense": 3538000000,
        "amortizationofintangibleassets": 15000000,
        "benefitslossesandexpenses": 44502000000,
        "operatingincomeloss": 2015000000,
        "othernonoperatingincomeexpense": -358000000,
        "realizedinvestmentgainloss": -56000000,
        "incomelossfromcontinuingoperationsbeforeincometaxesextraordinaryitemsnoncontrollinginterest": -415000000,
        "incometaxexpensebenefit": 295000000,
        "profitloss": 1306000000,
        "netincomelossattributabletononcontrollinginterest": 39000000,
        "netincomelossavailabletocommonstockholdersbasic": 1267000000,
        "earningspersharebasic": 4.28,
        "earningspersharediluted": 4.24,
        "othercomprehensiveincomelossavailableforsalesecuritiesandderivativesadjustmentnetoftax": 194000000,
        "ociliabilityforfuturepolicybenefitandmarketriskbenefitinstrumentspecificcreditriskgainlossafterreclassificationadjustmentandtax": -331000000,
        "othercomprehensiveincomelossforeigncurrencytransactionandtranslationadjustmentnetoftaxincludingtemporaryequity": 16000000,
        "othercomprehensiveincomelosspensionandotherpostretirementbenefitplansadjustmentnetoftax": -10000000,
        "othercomprehensiveincomelossnetoftaxincludingtemporaryequity": -111000000,
        "comprehensiveincomelossnetoftaxincludingportionattributabletononcontrollinginterestincludingtemporaryequity": 1195000000,
        "netincomelossattributabletoredeemablenoncontrollinginterest": 34000000,
        "netincomelossattributabletononredeemablenoncontrollinginterest": 5000000,
        "comprehensiveincomenetoftaxattributabletononcontrollinginterest": 39000000,
        "comprehensiveincomenetoftax": 1156000000
    },
    {
        "date": "2022-12-30",
        "symbol": "CI",
        "period": "Q4",
        "revenuefromcontractwithcustomerexcludingassessedtax": -696000000,
        "premiumsearnednet": -73000000,
        "netinvestmentincome": -267000000,
        "revenues": 5716000000,
        "costofgoodsandservicessold": 32094000000,
        "policyholderbenefitsandclaimsincurrednet": 7992000000,
        "sellinggeneralandadministrativeexpense": -9701000000,
        "amortizationofintangibleassets": -72000000,
        "benefitslossesandexpenses": -128074000000,
        "operatingincomeloss": -6208000000,
        "othernonoperatingincomeexpense": -311000000,
        "realizedinvestmentgainloss": 0,
        "incomelossfromcontinuingoperationsbeforeincometaxesextraordinaryitemsnoncontrollinginterest": 285000000,
        "incometaxexpensebenefit": -1660000000,
        "profitloss": -5563000000,
        "netincomelossattributabletononcontrollinginterest": 29000000,
        "netincomelossavailabletocommonstockholdersbasic": 1169000000,
        "earningspersharebasic": 3.8099999999999987,
        "earningspersharediluted": 3.7499999999999996,
        "othercomprehensiveincomelossavailableforsalesecuritiesandderivativesadjustmentnetoftax": 64000000,
        "othercomprehensiveincomelossforeigncurrencytransactionandtranslationadjustmentnetoftaxincludingtemporaryequity": 180000000,
        "othercomprehensiveincomelosspensionandotherpostretirementbenefitplansadjustmentnetoftax": -370000000,
        "othercomprehensiveincomelossnetoftaxincludingtemporaryequity": 180000000,
        "comprehensiveincomelossnetoftaxincludingportionattributabletononcontrollinginterestincludingtemporaryequity": 1812000000,
        "netincomelossattributabletoredeemablenoncontrollinginterest": 3000000,
        "netincomelossattributabletononredeemablenoncontrollinginterest": 26000000,
        "temporaryequityothercomprehensiveincome": 0,
        "comprehensiveincomenetoftaxattributabletononcontrollinginterest": 29000000,
        "comprehensiveincomenetoftax": 1783000000
    },
    {
        "date": "2022-09-29",
        "symbol": "CI",
        "period": "Q3",
        "revenuefromcontractwithcustomerexcludingassessedtax": -638000000,
        "premiumsearnednet": 2000000,
        "netinvestmentincome": 3000000,
        "revenues": -1667000000,
        "costofgoodsandservicessold": 31777000000,
        "policyholderbenefitsandclaimsincurrednet": 7754000000,
        "sellinggeneralandadministrativeexpense": 3148000000,
        "amortizationofintangibleassets": 1000000,
        "benefitslossesandexpenses": 43139000000,
        "operatingincomeloss": 2141000000,
        "othernonoperatingincomeexpense": -304000000,
        "gainlossonsaleofbusiness": 1735000000,
        "realizedinvestmentgainloss": -81000000,
        "incomelossfromcontinuingoperationsbeforeincometaxesextraordinaryitemsnoncontrollinginterest": -340000000,
        "incometaxexpensebenefit": 713000000,
        "profitloss": 2778000000,
        "netincomelossattributabletononcontrollinginterest": 21000000,
        "netincomelossavailabletocommonstockholdersbasic": 2757000000,
        "earningspersharebasic": 9.07,
        "earningspersharediluted": 8.97,
        "othercomprehensiveincomelossavailableforsalesecuritiesandderivativesadjustmentnetoftax": -99000000,
        "othercomprehensiveincomelossforeigncurrencytransactionandtranslationadjustmentnetoftaxincludingtemporaryequity": 161000000,
        "othercomprehensiveincomelosspensionandotherpostretirementbenefitplansadjustmentnetoftax": -10000000,
        "othercomprehensiveincomelossnetoftaxincludingtemporaryequity": 161000000,
        "comprehensiveincomelossnetoftaxincludingportionattributabletononcontrollinginterestincludingtemporaryequity": 2850000000,
        "netincomelossattributabletoredeemablenoncontrollinginterest": 3000000,
        "netincomelossattributabletononredeemablenoncontrollinginterest": 18000000,
        "temporaryequityothercomprehensiveincome": 1000000,
        "comprehensiveincomenetoftaxattributabletononcontrollinginterest": 22000000,
        "comprehensiveincomenetoftax": 2828000000
    },
    {
        "date": "2022-06-29",
        "symbol": "CI",
        "period": "Q2",
        "revenuefromcontractwithcustomerexcludingassessedtax": -647000000,
        "premiumsearnednet": 74000000,
        "netinvestmentincome": 131000000,
        "revenues": -1717000000,
        "costofgoodsandservicessold": 31150000000,
        "policyholderbenefitsandclaimsincurrednet": 8192000000,
        "sellinggeneralandadministrativeexpense": 3256000000,
        "amortizationofintangibleassets": 57000000,
        "benefitslossesandexpenses": 43099000000,
        "operatingincomeloss": 2381000000,
        "othernonoperatingincomeexpense": -301000000,
        "realizedinvestmentgainloss": -95000000,
        "incomelossfromcontinuingoperationsbeforeincometaxesextraordinaryitemsnoncontrollinginterest": -431000000,
        "incometaxexpensebenefit": 413000000,
        "profitloss": 1572000000,
        "netincomelossattributabletononcontrollinginterest": 13000000,
        "netincomelossavailabletocommonstockholdersbasic": 1559000000,
        "earningspersharebasic": 4.95,
        "earningspersharediluted": 4.9,
        "othercomprehensiveincomelossavailableforsalesecuritiesandderivativesadjustmentnetoftax": -410000000,
        "othercomprehensiveincomelossforeigncurrencytransactionandtranslationadjustmentnetoftaxincludingtemporaryequity": -206000000,
        "othercomprehensiveincomelosspensionandotherpostretirementbenefitplansadjustmentnetoftax": -27000000,
        "othercomprehensiveincomelossnetoftaxincludingtemporaryequity": -206000000,
        "comprehensiveincomelossnetoftaxincludingportionattributabletononcontrollinginterestincludingtemporaryequity": 983000000,
        "netincomelossattributabletoredeemablenoncontrollinginterest": 2000000,
        "netincomelossattributabletononredeemablenoncontrollinginterest": 11000000,
        "temporaryequityothercomprehensiveincome": -1000000,
        "comprehensiveincomenetoftaxattributabletononcontrollinginterest": 12000000,
        "comprehensiveincomenetoftax": 971000000
    },
    {
        "date": "2022-03-30",
        "symbol": "CI",
        "period": "Q1",
        "revenuefromcontractwithcustomerexcludingassessedtax": 30697000000,
        "premiumsearnednet": 10356000000,
        "netinvestmentincome": 414000000,
        "revenues": 44005000000,
        "costofgoodsandservicessold": 29813000000,
        "policyholderbenefitsandclaimsincurrednet": 8268000000,
        "sellinggeneralandadministrativeexpense": 3299000000,
        "amortizationofintangibleassets": 458000000,
        "benefitslossesandexpenses": 41838000000,
        "operatingincomeloss": 2167000000,
        "othernonoperatingincomeexpense": -299000000,
        "realizedinvestmentgainloss": -319000000,
        "incomelossfromcontinuingoperationsbeforeincometaxesextraordinaryitemsnoncontrollinginterest": 1549000000,
        "incometaxexpensebenefit": 351000000,
        "profitloss": 1198000000,
        "netincomelossattributabletononcontrollinginterest": 15000000,
        "netincomelossavailabletocommonstockholdersbasic": 1183000000,
        "earningspersharebasic": 3.71,
        "earningspersharediluted": 3.68,
        "othercomprehensiveincomelossavailableforsalesecuritiesandderivativesadjustmentnetoftax": -560000000,
        "othercomprehensiveincomelossforeigncurrencytransactionandtranslationadjustmentnetoftaxincludingtemporaryequity": -63000000,
        "othercomprehensiveincomelosspensionandotherpostretirementbenefitplansadjustmentnetoftax": -13000000,
        "othercomprehensiveincomelossnetoftaxincludingtemporaryequity": -610000000,
        "comprehensiveincomelossnetoftaxincludingportionattributabletononcontrollinginterestincludingtemporaryequity": 588000000,
        "netincomelossattributabletoredeemablenoncontrollinginterest": 3000000,
        "netincomelossattributabletononredeemablenoncontrollinginterest": 12000000,
        "temporaryequityothercomprehensiveincome": -2000000,
        "comprehensiveincomenetoftaxattributabletononcontrollinginterest": 13000000,
        "comprehensiveincomenetoftax": 575000000
    },
    {
        "date": "2021-12-30",
        "symbol": "CI",
        "period": "Q4",
        "revenuefromcontractwithcustomerexcludingassessedtax": -2206000000,
        "premiumsearnednet": -172000000,
        "netinvestmentincome": -234000000,
        "revenues": 5336000000,
        "costofgoodsandservicessold": 31247000000,
        "policyholderbenefitsandclaimsincurrednet": 8743000000,
        "sellinggeneralandadministrativeexpense": -9360000000,
        "amortizationofintangibleassets": -16000000,
        "benefitslossesandexpenses": -121984000000,
        "operatingincomeloss": -5935000000,
        "othernonoperatingincomeexpense": -282000000,
        "realizedinvestmentgainloss": 68000000,
        "incomelossfromcontinuingoperationsbeforeincometaxesextraordinaryitemsnoncontrollinginterest": 300000000,
        "incometaxexpensebenefit": -1368000000,
        "profitloss": 1133000000,
        "netincomelossattributabletononcontrollinginterest": 17000000,
        "netincomelossavailabletocommonstockholdersbasic": 1116000000,
        "earningspersharebasic": 3.429999999999999,
        "earningspersharediluted": 3.410000000000001,
        "othercomprehensiveincomelossavailableforsalesecuritiesandderivativesadjustmentnetoftax": -96000000,
        "othercomprehensiveincomelossforeigncurrencytransactionandtranslationadjustmentnetoftaxincludingtemporaryequity": -4000000,
        "othercomprehensiveincomelosspensionandotherpostretirementbenefitplansadjustmentnetoftax": -361000000,
        "othercomprehensiveincomelossnetoftaxincludingtemporaryequity": -4000000,
        "comprehensiveincomelossnetoftaxincludingportionattributabletononcontrollinginterestincludingtemporaryequity": 1394000000,
        "netincomelossattributabletoredeemablenoncontrollinginterest": 7000000,
        "netincomelossattributabletononredeemablenoncontrollinginterest": 10000000,
        "temporaryequityothercomprehensiveincome": -8000000,
        "comprehensiveincomenetoftaxattributabletononcontrollinginterest": 9000000,
        "comprehensiveincomenetoftax": 1385000000
    },
    {
        "date": "2021-09-29",
        "symbol": "CI",
        "period": "Q3",
        "revenuefromcontractwithcustomerexcludingassessedtax": 19000000,
        "premiumsearnednet": 58000000,
        "netinvestmentincome": 153000000,
        "revenues": -1529000000,
        "costofgoodsandservicessold": 30070000000,
        "policyholderbenefitsandclaimsincurrednet": 8330000000,
        "sellinggeneralandadministrativeexpense": 3093000000,
        "amortizationofintangibleassets": 11000000,
        "benefitslossesandexpenses": 41994000000,
        "operatingincomeloss": 2294000000,
        "othernonoperatingincomeexpense": -303000000,
        "gainslossesonextinguishmentofdebt": 0,
        "realizedinvestmentgainloss": 68000000,
        "incomelossfromcontinuingoperationsbeforeincometaxesextraordinaryitemsnoncontrollinginterest": -321000000,
        "incometaxexpensebenefit": 424000000,
        "profitloss": 1635000000,
        "netincomelossattributabletononcontrollinginterest": 14000000,
        "netincomelossavailabletocommonstockholdersbasic": 1621000000,
        "earningspersharebasic": 4.8100000000000005,
        "earningspersharediluted": 4.7700000000000005,
        "othercomprehensiveincomelossavailableforsalesecuritiesandderivativesadjustmentnetoftax": 32000000,
        "othercomprehensiveincomelossforeigncurrencytransactionandtranslationadjustmentnetoftaxincludingtemporaryequity": -125000000,
        "othercomprehensiveincomelosspensionandotherpostretirementbenefitplansadjustmentnetoftax": -16000000,
        "othercomprehensiveincomelossnetoftaxincludingtemporaryequity": 130000000,
        "comprehensiveincomelossnetoftaxincludingportionattributabletononcontrollinginterestincludingtemporaryequity": 1558000000,
        "netincomelossattributabletoredeemablenoncontrollinginterest": 4000000,
        "netincomelossattributabletononredeemablenoncontrollinginterest": 10000000,
        "temporaryequityothercomprehensiveincome": -1000000,
        "comprehensiveincomenetoftaxattributabletononcontrollinginterest": 13000000,
        "comprehensiveincomenetoftax": 1545000000
    },
    {
        "date": "2021-06-29",
        "symbol": "CI",
        "period": "Q2",
        "revenuefromcontractwithcustomerexcludingassessedtax": 106000000,
        "premiumsearnednet": 48000000,
        "netinvestmentincome": 1000000,
        "revenues": -1628000000,
        "costofgoodsandservicessold": 29001000000,
        "policyholderbenefitsandclaimsincurrednet": 8484000000,
        "sellinggeneralandadministrativeexpense": 2996000000,
        "amortizationofintangibleassets": 9000000,
        "benefitslossesandexpenses": 40984000000,
        "operatingincomeloss": 2147000000,
        "othernonoperatingincomeexpense": -298000000,
        "gainslossesonextinguishmentofdebt": -10000000,
        "realizedinvestmentgainloss": 59000000,
        "incomelossfromcontinuingoperationsbeforeincometaxesextraordinaryitemsnoncontrollinginterest": -370000000,
        "incometaxexpensebenefit": 422000000,
        "profitloss": 1476000000,
        "netincomelossattributabletononcontrollinginterest": 9000000,
        "netincomelossavailabletocommonstockholdersbasic": 1467000000,
        "earningspersharebasic": 4.3,
        "earningspersharediluted": 4.25,
        "othercomprehensiveincomelossavailableforsalesecuritiesandderivativesadjustmentnetoftax": 122000000,
        "othercomprehensiveincomelossforeigncurrencytransactionandtranslationadjustmentnetoftaxincludingtemporaryequity": 16000000,
        "othercomprehensiveincomelosspensionandotherpostretirementbenefitplansadjustmentnetoftax": -15000000,
        "othercomprehensiveincomelossnetoftaxincludingtemporaryequity": 16000000,
        "comprehensiveincomelossnetoftaxincludingportionattributabletononcontrollinginterestincludingtemporaryequity": 1629000000,
        "netincomelossattributabletoredeemablenoncontrollinginterest": 3000000,
        "netincomelossattributabletononredeemablenoncontrollinginterest": 6000000,
        "temporaryequityothercomprehensiveincome": -1000000,
        "comprehensiveincomenetoftaxattributabletononcontrollinginterest": 8000000,
        "comprehensiveincomenetoftax": 1621000000
    },
    {
        "date": "2021-03-30",
        "symbol": "CI",
        "period": "Q1",
        "revenuefromcontractwithcustomerexcludingassessedtax": 14000000,
        "premiumsearnednet": 57000000,
        "netinvestmentincome": 79000000,
        "revenues": -1708000000,
        "costofgoodsandservicessold": 27235000000,
        "policyholderbenefitsandclaimsincurrednet": 8005000000,
        "sellinggeneralandadministrativeexpense": 3279000000,
        "amortizationofintangibleassets": 10000000,
        "benefitslossesandexpenses": 39014000000,
        "operatingincomeloss": 1957000000,
        "othernonoperatingincomeexpense": -314000000,
        "gainslossesonextinguishmentofdebt": -131000000,
        "realizedinvestmentgainloss": 1000000,
        "incomelossfromcontinuingoperationsbeforeincometaxesextraordinaryitemsnoncontrollinginterest": -487000000,
        "incometaxexpensebenefit": 342000000,
        "profitloss": 1171000000,
        "netincomelossattributabletononcontrollinginterest": 10000000,
        "netincomelossavailabletocommonstockholdersbasic": 1161000000,
        "earningspersharebasic": 3.33,
        "earningspersharediluted": 3.3,
        "othercomprehensiveincomelossavailableforsalesecuritiesandderivativesadjustmentnetoftax": -273000000,
        "othercomprehensiveincomelossforeigncurrencytransactionandtranslationadjustmentnetoftaxincludingtemporaryequity": -119000000,
        "othercomprehensiveincomelosspensionandotherpostretirementbenefitplansadjustmentnetoftax": -18000000,
        "othercomprehensiveincomelossnetoftaxincludingtemporaryequity": -374000000,
        "comprehensiveincomelossnetoftaxincludingportionattributabletononcontrollinginterestincludingtemporaryequity": 797000000,
        "netincomelossattributabletoredeemablenoncontrollinginterest": 5000000,
        "netincomelossattributabletononredeemablenoncontrollinginterest": 5000000,
        "temporaryequityothercomprehensiveincome": -4000000,
        "comprehensiveincomenetoftaxattributabletononcontrollinginterest": 6000000,
        "comprehensiveincomenetoftax": 791000000
    },
    {
        "date": "2020-12-30",
        "symbol": "CI",
        "period": "Q4",
        "revenuefromcontractwithcustomerexcludingassessedtax": 58000000,
        "premiumsearnednet": 21000000,
        "netinvestmentincome": -1000000,
        "revenues": 4724000000,
        "costofgoodsandservicessold": 27059000000,
        "policyholderbenefitsandclaimsincurrednet": 8847000000,
        "sellinggeneralandadministrativeexpense": -10102000000,
        "benefitslossesandexpenses": -111877000000,
        "operatingincomeloss": -6336000000,
        "othernonoperatingincomeexpense": -223000000,
        "realizedinvestmentgainloss": 167000000,
        "incomelossfromcontinuingoperationsbeforeincometaxesextraordinaryitemsnoncontrollinginterest": 694000000,
        "incometaxexpensebenefit": -1377000000,
        "profitloss": 4142000000,
        "netincomelossattributabletononcontrollinginterest": 7000000,
        "netincomelossavailabletocommonstockholdersbasic": 4135000000,
        "earningspersharebasic": 11.400000000000004,
        "earningspersharediluted": 11.299999999999999,
        "othercomprehensiveincomelossavailableforsalesecuritiesandderivativesadjustmentnetoftax": -476000000,
        "othercomprehensiveincomelossforeigncurrencytransactionandtranslationadjustmentnetoftaxincludingtemporaryequity": 248000000,
        "othercomprehensiveincomelosspensionandotherpostretirementbenefitplansadjustmentnetoftax": 90000000,
        "othercomprehensiveincomelossnetoftaxincludingtemporaryequity": 248000000,
        "comprehensiveincomelossnetoftaxincludingportionattributabletononcontrollinginterestincludingtemporaryequity": 3824000000,
        "netincomelossattributabletoredeemablenoncontrollinginterest": 2000000,
        "netincomelossattributabletononredeemablenoncontrollinginterest": 5000000,
        "temporaryequityothercomprehensiveincome": 2000000,
        "comprehensiveincomenetoftaxattributabletononcontrollinginterest": 9000000,
        "comprehensiveincomenetoftax": 3815000000
    },
    {
        "date": "2020-09-29",
        "symbol": "CI",
        "period": "Q3",
        "revenuefromcontractwithcustomerexcludingassessedtax": 54000000,
        "premiumsearnednet": 20000000,
        "netinvestmentincome": -161000000,
        "revenues": -1409000000,
        "costofgoodsandservicessold": 26624000000,
        "policyholderbenefitsandclaimsincurrednet": 8429000000,
        "sellinggeneralandadministrativeexpense": 3301000000,
        "amortizationofintangibleassets": 0,
        "benefitslossesandexpenses": 38847000000,
        "operatingincomeloss": 2108000000,
        "othernonoperatingincomeexpense": -336000000,
        "gainslossesonextinguishmentofdebt": 0,
        "realizedinvestmentgainloss": 32000000,
        "incomelossfromcontinuingoperationsbeforeincometaxesextraordinaryitemsnoncontrollinginterest": -478000000,
        "incometaxexpensebenefit": 406000000,
        "profitloss": 1398000000,
        "netincomelossattributabletononcontrollinginterest": 10000000,
        "netincomelossavailabletocommonstockholdersbasic": 1388000000,
        "earningspersharebasic": 3.81,
        "earningspersharediluted": 3.78,
        "othercomprehensiveincomelossavailableforsalesecuritiesandderivativesadjustmentnetoftax": 120000000,
        "othercomprehensiveincomelossforeigncurrencytransactionandtranslationadjustmentnetoftaxincludingtemporaryequity": 109000000,
        "othercomprehensiveincomelosspensionandotherpostretirementbenefitplansadjustmentnetoftax": -14000000,
        "othercomprehensiveincomelossnetoftaxincludingtemporaryequity": 109000000,
        "comprehensiveincomelossnetoftaxincludingportionattributabletononcontrollinginterestincludingtemporaryequity": 1641000000,
        "netincomelossattributabletoredeemablenoncontrollinginterest": 4000000,
        "netincomelossattributabletononredeemablenoncontrollinginterest": 6000000,
        "temporaryequityothercomprehensiveincome": -4000000,
        "comprehensiveincomenetoftaxattributabletononcontrollinginterest": 6000000,
        "comprehensiveincomenetoftax": 1635000000
    },
    {
        "date": "2020-06-29",
        "symbol": "CI",
        "period": "Q2",
        "revenuefromcontractwithcustomerexcludingassessedtax": 26564000000,
        "premiumsearnednet": 10406000000,
        "netinvestmentincome": 223000000,
        "revenues": 39265000000,
        "costofgoodsandservicessold": 25611000000,
        "policyholderbenefitsandclaimsincurrednet": 7112000000,
        "sellinggeneralandadministrativeexpense": 3407000000,
        "amortizationofintangibleassets": 496000000,
        "benefitslossesandexpenses": 36626000000,
        "operatingincomeloss": 2639000000,
        "othernonoperatingincomeexpense": -374000000,
        "gainslossesonextinguishmentofdebt": -14000000,
        "realizedinvestmentgainloss": 38000000,
        "incomelossfromcontinuingoperationsbeforeincometaxesextraordinaryitemsnoncontrollinginterest": 2289000000,
        "incometaxexpensebenefit": 529000000,
        "profitloss": 1760000000,
        "netincomelossattributabletononcontrollinginterest": 6000000,
        "netincomelossavailabletocommonstockholdersbasic": 1754000000,
        "earningspersharebasic": 4.77,
        "earningspersharediluted": 4.73,
        "othercomprehensiveincomelossavailableforsalesecuritiesandderivativesadjustmentnetoftax": 709000000,
        "othercomprehensiveincomelossforeigncurrencytransactionandtranslationadjustmentnetoftaxincludingtemporaryequity": 70000000,
        "othercomprehensiveincomelosspensionandotherpostretirementbenefitplansadjustmentnetoftax": 42000000,
        "othercomprehensiveincomelossnetoftaxincludingtemporaryequity": 737000000,
        "comprehensiveincomelossnetoftaxincludingportionattributabletononcontrollinginterestincludingtemporaryequity": 2497000000,
        "netincomelossattributabletoredeemablenoncontrollinginterest": 4000000,
        "netincomelossattributabletononredeemablenoncontrollinginterest": 2000000,
        "temporaryequityothercomprehensiveincome": -2000000,
        "comprehensiveincomenetoftaxattributabletononcontrollinginterest": 4000000,
        "comprehensiveincomenetoftax": 2493000000
    },
    {
        "date": "2020-03-30",
        "symbol": "CI",
        "period": "Q1",
        "revenuefromcontractwithcustomerexcludingassessedtax": 25098000000,
        "premiumsearnednet": 10840000000,
        "netinvestmentincome": 353000000,
        "revenues": 38469000000,
        "costofgoodsandservicessold": 24190000000,
        "policyholderbenefitsandclaimsincurrednet": 8322000000,
        "sellinggeneralandadministrativeexpense": 3398000000,
        "amortizationofintangibleassets": 498000000,
        "benefitslossesandexpenses": 36408000000,
        "operatingincomeloss": 2061000000,
        "othernonoperatingincomeexpense": -391000000,
        "gainslossesonextinguishmentofdebt": -185000000,
        "realizedinvestmentgainloss": -88000000,
        "incomelossfromcontinuingoperationsbeforeincometaxesextraordinaryitemsnoncontrollinginterest": 1397000000,
        "incometaxexpensebenefit": 208000000,
        "profitloss": 1189000000,
        "netincomelossattributabletononcontrollinginterest": 8000000,
        "netincomelossavailabletocommonstockholdersbasic": 1181000000,
        "earningspersharebasic": 3.19,
        "earningspersharediluted": 3.15,
        "othercomprehensiveincomelossavailableforsalesecuritiesandderivativesadjustmentnetoftax": -428000000,
        "othercomprehensiveincomelossforeigncurrencytransactionandtranslationadjustmentnetoftaxincludingtemporaryequity": -175000000,
        "othercomprehensiveincomelosspensionandotherpostretirementbenefitplansadjustmentnetoftax": -13000000,
        "othercomprehensiveincomelossnetoftaxincludingtemporaryequity": -590000000,
        "comprehensiveincomelossnetoftaxincludingportionattributabletononcontrollinginterestincludingtemporaryequity": 599000000,
        "netincomelossattributabletoredeemablenoncontrollinginterest": 4000000,
        "netincomelossattributabletononredeemablenoncontrollinginterest": 4000000,
        "temporaryequityothercomprehensiveincome": -4000000,
        "comprehensiveincomenetoftaxattributabletononcontrollinginterest": 4000000,
        "comprehensiveincomenetoftax": 595000000
    },
    {
        "date": "2019-12-30",
        "symbol": "CI",
        "period": "Q4",
        "premiumsearnednet": 27000000,
        "revenuefromcontractwithcustomerexcludingassessedtax": 1293000000,
        "netinvestmentincome": 6000000,
        "revenues": 2631000000,
        "costofgoodsandservicessold": 134605000000,
        "policyholderbenefitsandclaimsincurrednet": 30850000000,
        "sellinggeneralandadministrativeexpense": 2967000000,
        "amortizationofintangibleassets": 0,
        "benefitslossesandexpenses": 39935000000,
        "operatingincomeloss": -6552000000,
        "othernonoperatingincomeexpense": -1020000000,
        "realizedinvestmentgainloss": 93000000,
        "incomelossfromcontinuingoperationsbeforeincometaxesextraordinaryitemsnoncontrollinginterest": 803000000,
        "incometaxexpensebenefit": -1805000000,
        "profitloss": 16653000000,
        "netincomelossattributabletononcontrollinginterest": 7000000,
        "netincomelossavailabletocommonstockholdersbasic": 16637000000,
        "earningspersharebasic": 2.64,
        "earningspersharediluted": 2.61,
        "comprehensiveincomenetoftaxincludingportionattributabletononcontrollinginterest": 899000000,
        "comprehensiveincomenetoftax": 19062000000
    },
    {
        "date": "2019-09-29",
        "symbol": "CI",
        "period": "Q3",
        "premiumsearnednet": 33000000,
        "revenuefromcontractwithcustomerexcludingassessedtax": 1227000000,
        "netinvestmentincome": 1000000,
        "revenues": -881000000,
        "costofgoodsandservicessold": -14641000000,
        "policyholderbenefitsandclaimsincurrednet": 5000000,
        "sellinggeneralandadministrativeexpense": -1091000000,
        "amortizationofintangibleassets": 2000000,
        "benefitslossesandexpenses": -15727000000,
        "operatingincomeloss": 2272000000,
        "othernonoperatingincomeexpense": -5000000,
        "realizedinvestmentgainloss": 51000000,
        "incomelossfromcontinuingoperationsbeforeincometaxesextraordinaryitemsnoncontrollinginterest": -556000000,
        "incometaxexpensebenefit": 530000000,
        "profitloss": -3914000000,
        "netincomelossattributabletononcontrollinginterest": 3000000,
        "netincomelossavailabletocommonstockholdersbasic": -3914000000,
        "earningspersharebasic": 3.609999999999999,
        "earningspersharediluted": 3.5700000000000007,
        "othercomprehensiveincomeavailableforsalesecuritiesadjustmentnetoftaxportionattributabletoparent": 223000000,
        "othercomprehensiveincomeforeigncurrencytransactionandtranslationadjustmentnetoftaxportionattributabletoparent": -128000000,
        "othercomprehensiveincomedefinedbenefitplansadjustmentnetoftaxportionattributabletoparent": -12000000,
        "othercomprehensiveincomelossnetoftaxportionattributabletoparent": -186000000,
        "comprehensiveincomenetoftax": -4100000000,
        "netincomelossattributabletoredeemablenoncontrollinginterest": 3000000,
        "comprehensiveincomenetoftaxincludingportionattributabletononcontrollinginterest": 1462000000
    },
    {
        "date": "2019-06-29",
        "symbol": "CI",
        "period": "Q2",
        "premiumsearnednet": 37000000,
        "revenuefromcontractwithcustomerexcludingassessedtax": 1258000000,
        "netinvestmentincome": -355000000,
        "revenues": -39690000000,
        "policyholderbenefitsandclaimsincurrednet": -7656000000,
        "costofgoodsandservicessold": -46346000000,
        "sellinggeneralandadministrativeexpense": -1971000000,
        "amortizationofintangibleassets": -740000000,
        "benefitslossesandexpenses": -60009000000,
        "operatingincomeloss": 2141000000,
        "othernonoperatingincomeexpense": 445000000,
        "realizedinvestmentgainloss": 32000000,
        "incomelossfromcontinuingoperationsbeforeincometaxesextraordinaryitemsnoncontrollinginterest": -3103000000,
        "incometaxexpensebenefit": 608000000,
        "profitloss": -8991000000,
        "netincomelossattributabletononcontrollinginterest": 2000000,
        "netincomelossavailabletocommonstockholdersbasic": -8987000000,
        "earningspersharebasic": 3.72,
        "earningspersharediluted": 3.6999999999999997,
        "othercomprehensiveincomeavailableforsalesecuritiesadjustmentnetoftaxportionattributabletoparent": 343000000,
        "othercomprehensiveincomeforeigncurrencytransactionandtranslationadjustmentnetoftaxportionattributabletoparent": -40000000,
        "othercomprehensiveincomedefinedbenefitplansadjustmentnetoftaxportionattributabletoparent": -14000000,
        "othercomprehensiveincomelossnetoftaxportionattributabletoparent": -1445000000,
        "comprehensiveincomenetoftax": -10885000000,
        "netincomelossattributabletoredeemablenoncontrollinginterest": 2000000,
        "netincomelossattributabletononredeemablenoncontrollinginterest": 0,
        "othercomprehensiveincomelossnetoftaxportionattributabletononcontrollinginterestredeemable": -2000000,
        "comprehensiveincomenetoftaxattributabletononcontrollinginterest": 0,
        "comprehensiveincomenetoftaxincludingportionattributabletononcontrollinginterest": 1725000000
    },
    {
        "date": "2019-03-30",
        "symbol": "CI",
        "period": "Q1",
        "premiumsearnednet": 37000000,
        "revenuefromcontractwithcustomerexcludingassessedtax": 1122000000,
        "netinvestmentincome": 346000000,
        "revenues": 37946000000,
        "policyholderbenefitsandclaimsincurrednet": 7620000000,
        "costofgoodsandservicessold": 24050000000,
        "sellinggeneralandadministrativeexpense": 10000000,
        "amortizationofintangibleassets": 743000000,
        "benefitslossesandexpenses": 35716000000,
        "operatingincomeloss": 2230000000,
        "othernonoperatingincomeexpense": -452000000,
        "realizedinvestmentgainloss": 1000000,
        "incomelossfromcontinuingoperationsbeforeincometaxesextraordinaryitemsnoncontrollinginterest": 1788000000,
        "incometaxexpensebenefit": 416000000,
        "profitloss": 1372000000,
        "netincomelossattributabletononcontrollinginterest": 4000000,
        "netincomelossavailabletocommonstockholdersbasic": 1368000000,
        "earningspersharebasic": 3.61,
        "earningspersharediluted": 3.56,
        "othercomprehensiveincomeavailableforsalesecuritiesadjustmentnetoftaxportionattributabletoparent": 442000000,
        "othercomprehensiveincomeforeigncurrencytransactionandtranslationadjustmentnetoftaxportionattributabletoparent": -24000000,
        "othercomprehensiveincomedefinedbenefitplansadjustmentnetoftaxportionattributabletoparent": -11000000,
        "othercomprehensiveincomelossnetoftaxportionattributabletoparent": -24000000,
        "comprehensiveincomenetoftax": 1797000000,
        "netincomelossattributabletoredeemablenoncontrollinginterest": 3000000,
        "netincomelossattributabletononredeemablenoncontrollinginterest": 1000000,
        "othercomprehensiveincomelossnetoftaxportionattributabletononcontrollinginterestredeemable": -2000000,
        "comprehensiveincomenetoftaxattributabletononcontrollinginterest": 2000000,
        "comprehensiveincomenetoftaxincludingportionattributabletononcontrollinginterest": 1799000000
    }
]