[
    {
        "date": "2024-08-30",
        "symbol": "FDS",
        "period": "Q4",
        "revenuefromcontractwithcustomerexcludingassessedtax": 562187000,
        "costofgoodsandservicessold": 258196000,
        "sellinggeneralandadministrativeexpense": 172519000,
        "assetimpairmentcharges": 3614000,
        "costsandexpenses": 434329000,
        "operatingincomeloss": 127858000,
        "investmentincomeinterest": 4020000,
        "othernonoperatingincomeexpense": 799000,
        "nonoperatingincomeexpense": -10728000,
        "incomelossfromcontinuingoperationsbeforeincometaxesextraordinaryitemsnoncontrollinginterest": 117130000,
        "incometaxexpensebenefit": 27634000,
        "netincomeloss": 89496000,
        "earningspersharebasic": 2.3499999999999988,
        "earningspersharediluted": 2.33,
        "weightedaveragenumberofsharesoutstandingbasic": 38059000,
        "weightedaveragenumberofdilutedsharesoutstanding": 38618000,
        "othercomprehensiveincomelosscashflowhedgegainlossafterreclassificationandtaxparent": 2138000,
        "othercomprehensiveincomeforeigncurrencytransactionandtranslationadjustmentnetoftaxportionattributabletoparent": 10895000,
        "othercomprehensiveincomelossnetoftaxportionattributabletoparent": 13033000,
        "comprehensiveincomenetoftax": 102529000,
        "othercomprehensiveincomelosscashflowhedgegainlossafterreclassificationtaxparent": 757000
    },
    {
        "date": "2024-05-30",
        "symbol": "FDS",
        "period": "Q3",
        "revenuefromcontractwithcustomerexcludingassessedtax": 552708000,
        "costofgoodsandservicessold": 246986000,
        "sellinggeneralandadministrativeexpense": 103098000,
        "assetimpairmentcharges": 165000,
        "costsandexpenses": 350249000,
        "operatingincomeloss": 202459000,
        "investmentincomeinterest": 4568000,
        "interestexpensenonoperating": 16894000,
        "othernonoperatingincomeexpense": 399000,
        "nonoperatingincomeexpense": -11927000,
        "incomelossfromcontinuingoperationsbeforeincometaxesextraordinaryitemsnoncontrollinginterest": 190532000,
        "incometaxexpensebenefit": 32397000,
        "netincomeloss": 158135000,
        "earningspersharebasic": 4.15,
        "earningspersharediluted": 4.09,
        "weightedaveragenumberofsharesoutstandingbasic": 38089000,
        "weightedaveragenumberofdilutedsharesoutstanding": 38640000,
        "othercomprehensiveincomelosscashflowhedgegainlossafterreclassificationandtaxparent": -335000,
        "othercomprehensiveincomeforeigncurrencytransactionandtranslationadjustmentnetoftaxportionattributabletoparent": -1282000,
        "othercomprehensiveincomelossnetoftaxportionattributabletoparent": -1617000,
        "comprehensiveincomenetoftax": 156518000,
        "othercomprehensiveincomelosscashflowhedgegainlossafterreclassificationtaxparent": -119000
    },
    {
        "date": "2024-02-28",
        "symbol": "FDS",
        "period": "Q2",
        "revenuefromcontractwithcustomerexcludingassessedtax": 545945000,
        "costofgoodsandservicessold": 255142000,
        "sellinggeneralandadministrativeexpense": 108807000,
        "assetimpairmentcharges": 54000,
        "costsandexpenses": 364003000,
        "operatingincomeloss": 181942000,
        "investmentincomeinterest": 2847000,
        "interestexpense": 16599000,
        "othernonoperatingincomeexpense": 455000,
        "nonoperatingincomeexpense": -13297000,
        "incomelossfromcontinuingoperationsbeforeincometaxesextraordinaryitemsnoncontrollinginterest": 168645000,
        "incometaxexpensebenefit": 27705000,
        "netincomeloss": 140940000,
        "earningspersharebasic": 3.7,
        "earningspersharediluted": 3.65,
        "weightedaveragenumberofsharesoutstandingbasic": 38103000,
        "weightedaveragenumberofdilutedsharesoutstanding": 38650000,
        "othercomprehensiveincomelosscashflowhedgegainlossafterreclassificationandtaxparent": -1186000,
        "othercomprehensiveincomeforeigncurrencytransactionandtranslationadjustmentnetoftaxportionattributabletoparent": -2956000,
        "othercomprehensiveincomelossnetoftaxportionattributabletoparent": -4142000,
        "comprehensiveincomenetoftax": 136798000,
        "othercomprehensiveincomelosscashflowhedgegainlossafterreclassificationtaxparent": -419000
    },
    {
        "date": "2023-11-29",
        "symbol": "FDS",
        "period": "Q1",
        "revenuefromcontractwithcustomerexcludingassessedtax": 542216000,
        "costofgoodsandservicessold": 251621000,
        "sellinggeneralandadministrativeexpense": 100711000,
        "assetimpairmentcharges": 844000,
        "costsandexpenses": 353176000,
        "operatingincomeloss": 189040000,
        "investmentincomeinterest": 3012000,
        "interestexpense": 16738000,
        "othernonoperatingincomeexpense": -118000,
        "nonoperatingincomeexpense": -13844000,
        "incomelossfromcontinuingoperationsbeforeincometaxesextraordinaryitemsnoncontrollinginterest": 175196000,
        "incometaxexpensebenefit": 26641000,
        "netincomeloss": 148555000,
        "earningspersharebasic": 3.91,
        "earningspersharediluted": 3.84,
        "weightedaveragenumberofsharesoutstandingbasic": 38016000,
        "weightedaveragenumberofdilutedsharesoutstanding": 38643000,
        "othercomprehensiveincomelosscashflowhedgegainlossafterreclassificationandtaxparent": -1654000,
        "othercomprehensiveincomeforeigncurrencytransactionandtranslationadjustmentnetoftaxportionattributabletoparent": 1908000,
        "othercomprehensiveincomelossnetoftaxportionattributabletoparent": 254000,
        "comprehensiveincomenetoftax": 148809000,
        "othercomprehensiveincomelosscashflowhedgegainlossafterreclassificationtaxparent": -588000
    },
    {
        "date": "2023-05-30",
        "symbol": "FDS",
        "period": "Q3",
        "revenuefromcontractwithcustomerexcludingassessedtax": 529811000,
        "costofgoodsandservicessold": 241689000,
        "sellinggeneralandadministrativeexpense": 115725000,
        "assetimpairmentcharges": 438000,
        "costsandexpenses": 357852000,
        "operatingincomeloss": 171959000,
        "investmentincomeinterest": 3083000,
        "interestexpense": 16354000,
        "othernonoperatingincomeexpense": 3310000,
        "nonoperatingincomeexpense": -9961000,
        "incomelossfromcontinuingoperationsbeforeincometaxesextraordinaryitemsnoncontrollinginterest": 161998000,
        "incometaxexpensebenefit": 27335000,
        "netincomeloss": 134663000,
        "earningspersharebasic": 3.52,
        "earningspersharediluted": 3.46,
        "weightedaveragenumberofsharesoutstandingbasic": 38278000,
        "weightedaveragenumberofdilutedsharesoutstanding": 38912000,
        "othercomprehensiveincomelosscashflowhedgegainlossafterreclassificationandtaxparent": -2044000,
        "othercomprehensiveincomeforeigncurrencytransactionandtranslationadjustmentnetoftaxportionattributabletoparent": 4943000,
        "othercomprehensiveincomelossnetoftaxportionattributabletoparent": 2899000,
        "comprehensiveincomenetoftax": 137562000,
        "othercomprehensiveincomelosscashflowhedgegainlossafterreclassificationtaxparent": -704000
    },
    {
        "date": "2023-02-27",
        "symbol": "FDS",
        "period": "Q2",
        "revenuefromcontractwithcustomerexcludingassessedtax": 515085000,
        "costofgoodsandservicessold": 240806000,
        "sellinggeneralandadministrativeexpense": 104582000,
        "assetimpairmentcharges": 447000,
        "costsandexpenses": 345835000,
        "operatingincomeloss": 169250000,
        "interestincomeexpensenonoperatingnet": -13834000,
        "othernonoperatingincomeexpense": 1346000,
        "nonoperatingincomeexpense": -12488000,
        "incomelossfromcontinuingoperationsbeforeincometaxesextraordinaryitemsnoncontrollinginterest": 156762000,
        "incometaxexpensebenefit": 25169000,
        "netincomeloss": 131593000,
        "earningspersharebasic": 3.44,
        "earningspersharediluted": 3.38,
        "weightedaveragenumberofsharesoutstandingbasic": 38281000,
        "weightedaveragenumberofdilutedsharesoutstanding": 38981000,
        "othercomprehensiveincomelosscashflowhedgegainlossafterreclassificationandtaxparent": -2254000,
        "othercomprehensiveincomeforeigncurrencytransactionandtranslationadjustmentnetoftaxportionattributabletoparent": 3070000,
        "othercomprehensiveincomelossnetoftaxportionattributabletoparent": 816000,
        "comprehensiveincomenetoftax": 132409000,
        "othercomprehensiveincomelosscashflowhedgegainlossafterreclassificationtaxparent": -779000
    },
    {
        "date": "2022-11-29",
        "symbol": "FDS",
        "period": "Q1",
        "revenuefromcontractwithcustomerexcludingassessedtax": 504815000,
        "costofgoodsandservicessold": 227042000,
        "sellinggeneralandadministrativeexpense": 105596000,
        "assetimpairmentcharges": 282000,
        "costsandexpenses": 332920000,
        "operatingincomeloss": 171895000,
        "interestincomeexpensenonoperatingnet": -14332000,
        "othernonoperatingincomeexpense": 322000,
        "nonoperatingincomeexpense": -14010000,
        "incomelossfromcontinuingoperationsbeforeincometaxesextraordinaryitemsnoncontrollinginterest": 157885000,
        "incometaxexpensebenefit": 21087000,
        "netincomeloss": 136798000,
        "earningspersharebasic": 3.59,
        "earningspersharediluted": 3.52,
        "weightedaveragenumberofsharesoutstandingbasic": 38122000,
        "weightedaveragenumberofdilutedsharesoutstanding": 38914000,
        "othercomprehensiveincomelosscashflowhedgegainlossafterreclassificationandtaxparent": 6555000,
        "othercomprehensiveincomeforeigncurrencytransactionandtranslationadjustmentnetoftaxportionattributabletoparent": 8769000,
        "othercomprehensiveincomelossnetoftaxportionattributabletoparent": 15324000,
        "comprehensiveincomenetoftax": 152122000,
        "othercomprehensiveincomelosscashflowhedgegainlossafterreclassificationtaxparent": 2264000
    },
    {
        "date": "2022-08-30",
        "symbol": "FDS",
        "period": "Q4",
        "revenuefromcontractwithcustomerexcludingassessedtax": 116648000,
        "sellinggeneralandadministrativeexpense": 109860000,
        "operatingincomeloss": 32287000,
        "interestincomeexpensenonoperatingnet": -14304000,
        "othernonoperatingincomeexpense": -1487000,
        "incomelossfromcontinuingoperationsbeforeincometaxesextraordinaryitemsnoncontrollinginterest": 116428000,
        "incometaxexpensebenefit": 12006000,
        "netincomeloss": 104422000,
        "earningspersharebasic": 2.7399999999999998,
        "earningspersharediluted": 2.6900000000000004,
        "weightedaveragenumberofsharesoutstandingbasic": -75585000,
        "weightedaveragenumberofdilutedsharesoutstanding": -77386000,
        "othercomprehensiveincomelossnetoftaxportionattributabletoparent": -31249000,
        "comprehensiveincomenetoftax": 73173000
    },
    {
        "date": "2022-05-30",
        "symbol": "FDS",
        "period": "Q3",
        "revenuefromcontractwithcustomerexcludingassessedtax": 50685000,
        "costofgoodsandservicessold": 222618000,
        "sellinggeneralandadministrativeexpense": 119881000,
        "assetimpairmentcharges": 300000,
        "operatingcostsandexpenses": 391497000,
        "operatingincomeloss": 32814000,
        "interestincomeexpensenonoperatingnet": -12051000,
        "othernonoperatingincomeexpense": 77000,
        "incomelossfromcontinuingoperationsbeforeincometaxesextraordinaryitemsnoncontrollinginterest": 85280000,
        "incometaxexpensebenefit": 10370000,
        "netincomeloss": 74910000,
        "earningspersharebasic": 1.97,
        "earningspersharediluted": 1.93,
        "weightedaveragenumberofsharesoutstandingbasic": 37934000,
        "weightedaveragenumberofdilutedsharesoutstanding": 38720000,
        "othercomprehensiveincomelosscashflowhedgegainlossafterreclassificationandtaxparent": 810000,
        "othercomprehensiveincomeforeigncurrencytransactionandtranslationadjustmentnetoftaxportionattributabletoparent": -22096000,
        "othercomprehensiveincomelossnetoftaxportionattributabletoparent": -21286000,
        "comprehensiveincomenetoftax": 53624000,
        "othercomprehensiveincomelosscashflowhedgegainlossafterreclassificationtaxparent": 1350000
    },
    {
        "date": "2022-02-27",
        "symbol": "FDS",
        "period": "Q2",
        "revenuefromcontractwithcustomerexcludingassessedtax": 42869000,
        "operatingcostsandexpenses": 199395000,
        "sellinggeneralandadministrativeexpense": 108376000,
        "operatingexpenses": 307771000,
        "operatingincomeloss": 28501000,
        "interestincomeexpensenonoperatingnet": -1673000,
        "othernonoperatingincomeexpense": 281000,
        "incomelossfromcontinuingoperationsbeforeincometaxesextraordinaryitemsnoncontrollinginterest": 121956000,
        "incometaxexpensebenefit": 12018000,
        "netincomeloss": 109938000,
        "earningspersharebasic": 2.91,
        "earningspersharediluted": 2.84,
        "weightedaveragenumberofsharesoutstandingbasic": 37837000,
        "weightedaveragenumberofdilutedsharesoutstanding": 38761000,
        "othercomprehensiveincomelosscashflowhedgegainlossafterreclassificationandtax": 4805000,
        "othercomprehensiveincomelossforeigncurrencytransactionandtranslationadjustmentbeforetax": -2983000,
        "othercomprehensiveincomelossnetoftaxportionattributabletoparent": 1822000,
        "comprehensiveincomenetoftax": 111760000,
        "othercomprehensiveincomelosscashflowhedgegainlossafterreclassificationtax": 468000
    },
    {
        "date": "2021-11-29",
        "symbol": "FDS",
        "period": "Q1",
        "revenuefromcontractwithcustomerexcludingassessedtax": 424725000,
        "operatingcostsandexpenses": 207149000,
        "sellinggeneralandadministrativeexpense": 94915000,
        "operatingexpenses": 302064000,
        "operatingincomeloss": 122661000,
        "interestincomeexpensenonoperatingnet": -1494000,
        "othernonoperatingincomeexpense": -1237000,
        "incomelossfromcontinuingoperationsbeforeincometaxesextraordinaryitemsnoncontrollinginterest": 119930000,
        "incometaxexpensebenefit": 12283000,
        "netincomeloss": 107647000,
        "earningspersharebasic": 2.86,
        "earningspersharediluted": 2.79,
        "weightedaveragenumberofsharesoutstandingbasic": 37678000,
        "weightedaveragenumberofdilutedsharesoutstanding": 38641000,
        "othercomprehensiveincomelosscashflowhedgegainlossafterreclassificationandtax": 5000,
        "othercomprehensiveincomelossforeigncurrencytransactionandtranslationadjustmentbeforetax": -18713000,
        "othercomprehensiveincomelossnetoftaxportionattributabletoparent": -18708000,
        "comprehensiveincomenetoftax": 88939000,
        "othercomprehensiveincomelosscashflowhedgegainlossafterreclassificationtax": 1000
    },
    {
        "date": "2021-08-30",
        "symbol": "FDS",
        "period": "Q4",
        "revenuefromcontractwithcustomerexcludingassessedtax": 95987000,
        "sellinggeneralandadministrativeexpense": 95186000,
        "operatingincomeloss": 25473000,
        "interestincomeexpensenonoperatingnet": 4652000,
        "othernonoperatingincomeexpense": -5414000,
        "incometaxexpensebenefit": 17381000,
        "netincomeloss": 101062000,
        "earningspersharebasic": 2.6900000000000004,
        "earningspersharediluted": 2.619999999999999,
        "weightedaveragenumberofsharesoutstandingbasic": -75873000,
        "weightedaveragenumberofdilutedsharesoutstanding": -77235000,
        "othercomprehensiveincomelosscashflowhedgegainlossafterreclassificationandtax": -2708000,
        "othercomprehensiveincomelossforeigncurrencytransactionandtranslationadjustmentbeforetax": -16996000,
        "othercomprehensiveincomelossnetoftaxportionattributabletoparent": -19704000,
        "comprehensiveincomenetoftax": 81358000,
        "othercomprehensiveincomelosscashflowhedgegainlossafterreclassificationtax": -908000
    },
    {
        "date": "2021-05-30",
        "symbol": "FDS",
        "period": "Q3",
        "revenuefromcontractwithcustomerexcludingassessedtax": 399558000,
        "operatingcostsandexpenses": 205257000,
        "sellinggeneralandadministrativeexpense": 76599000,
        "operatingexpenses": 281856000,
        "operatingincomeloss": 117702000,
        "interestincomeexpensenonoperatingnet": -1839000,
        "othernonoperatingincomeexpense": -1587000,
        "incomelossfromcontinuingoperationsbeforeincometaxesminorityinterestandincomelossfromequitymethodinvestments": 114276000,
        "incometaxexpensebenefit": 13597000,
        "netincomeloss": 100679000,
        "earningspersharebasic": 2.66,
        "earningspersharediluted": 2.62,
        "weightedaveragenumberofsharesoutstandingbasic": 37806000,
        "weightedaveragenumberofdilutedsharesoutstanding": 38488000,
        "othercomprehensiveincomelosscashflowhedgegainlossafterreclassificationandtax": 1017000,
        "othercomprehensiveincomelossforeigncurrencytransactionandtranslationadjustmentbeforetax": 8221000,
        "othercomprehensiveincomelossnetoftaxportionattributabletoparent": 9238000,
        "comprehensiveincomenetoftax": 109917000,
        "othercomprehensiveincomelosscashflowhedgegainlossafterreclassificationtax": 344000
    },
    {
        "date": "2021-02-27",
        "symbol": "FDS",
        "period": "Q2",
        "revenuefromcontractwithcustomerexcludingassessedtax": 391788000,
        "operatingcostsandexpenses": 195523000,
        "sellinggeneralandadministrativeexpense": 80132000,
        "operatingexpenses": 275655000,
        "operatingincomeloss": 116133000,
        "interestincomeexpensenonoperatingnet": -1814000,
        "othernonoperatingincomeexpense": 347000,
        "incomelossfromcontinuingoperationsbeforeincometaxesminorityinterestandincomelossfromequitymethodinvestments": 114666000,
        "incometaxexpensebenefit": 18023000,
        "netincomeloss": 96643000,
        "earningspersharebasic": 2.55,
        "earningspersharediluted": 2.5,
        "weightedaveragenumberofsharesoutstandingbasic": 37916000,
        "weightedaveragenumberofdilutedsharesoutstanding": 38620000,
        "othercomprehensiveincomelosscashflowhedgegainlossafterreclassificationandtax": 1303000,
        "othercomprehensiveincomelossforeigncurrencytransactionandtranslationadjustmentbeforetax": 9277000,
        "othercomprehensiveincomelossnetoftaxportionattributabletoparent": 10580000,
        "comprehensiveincomenetoftax": 107223000,
        "othercomprehensiveincomelosscashflowhedgegainlossafterreclassificationtax": 441000
    },
    {
        "date": "2020-11-29",
        "symbol": "FDS",
        "period": "Q1",
        "revenuefromcontractwithcustomerexcludingassessedtax": 388206000,
        "operatingcostsandexpenses": 188088000,
        "sellinggeneralandadministrativeexpense": 79087000,
        "operatingexpenses": 267175000,
        "operatingincomeloss": 121031000,
        "interestincomeexpensenonoperatingnet": -1029000,
        "othernonoperatingincomeexpense": 230000,
        "incomelossfromcontinuingoperationsbeforeincometaxesminorityinterestandincomelossfromequitymethodinvestments": 120232000,
        "incometaxexpensebenefit": 19026000,
        "netincomeloss": 101206000,
        "earningspersharebasic": 2.66,
        "earningspersharediluted": 2.62,
        "weightedaveragenumberofsharesoutstandingbasic": 38007000,
        "weightedaveragenumberofdilutedsharesoutstanding": 38697000,
        "othercomprehensiveincomelosscashflowhedgegainlossafterreclassificationandtax": -116000,
        "othercomprehensiveincomelossforeigncurrencytransactionandtranslationadjustmentbeforetax": 333000,
        "othercomprehensiveincomelossnetoftaxportionattributabletoparent": 217000,
        "comprehensiveincomenetoftax": 101423000,
        "othercomprehensiveincomelosscashflowhedgegainlossafterreclassificationtax": -39000
    },
    {
        "date": "2020-08-30",
        "symbol": "FDS",
        "period": "Q4",
        "revenuefromcontractwithcustomerexcludingassessedtax": 383590000,
        "sellinggeneralandadministrativeexpense": 101445000,
        "operatingincomeloss": 98577000,
        "interestincomeexpensenonoperatingnet": -956000,
        "incomelossfromcontinuingoperationsbeforeincometaxesminorityinterestandincomelossfromequitymethodinvestments": 96144000,
        "incometaxexpensebenefit": 7065000,
        "netincomeloss": 89079000,
        "earningspersharebasic": 2.35,
        "earningspersharediluted": 2.2900000000000005,
        "weightedaveragenumberofsharesoutstandingbasic": -75802000,
        "weightedaveragenumberofdilutedsharesoutstanding": -76998000,
        "othercomprehensiveincomelosscashflowhedgegainlossafterreclassificationandtax": 2779000,
        "othercomprehensiveincomelossforeigncurrencytransactionandtranslationadjustmentbeforetax": 32988000,
        "othercomprehensiveincomelossnetoftaxportionattributabletoparent": 35767000,
        "comprehensiveincomenetoftax": 124846000
    },
    {
        "date": "2020-05-30",
        "symbol": "FDS",
        "period": "Q3",
        "revenuefromcontractwithcustomerexcludingassessedtax": 374083000,
        "operatingcostsandexpenses": 170703000,
        "sellinggeneralandadministrativeexpense": 81740000,
        "operatingexpenses": 252443000,
        "operatingincomeloss": 121640000,
        "interestincomeexpensenonoperatingnet": -2211000,
        "othernonoperatingincomeexpense": -289000,
        "incomelossfromcontinuingoperationsbeforeincometaxesminorityinterestandincomelossfromequitymethodinvestments": 119140000,
        "incometaxexpensebenefit": 17924000,
        "netincomeloss": 101216000,
        "earningspersharebasic": 2.67,
        "earningspersharediluted": 2.63,
        "weightedaveragenumberofsharesoutstandingbasic": 37885000,
        "weightedaveragenumberofdilutedsharesoutstanding": 38481000,
        "othercomprehensiveincomelosscashflowhedgegainlossafterreclassificationandtax": -3948000,
        "othercomprehensiveincomelossforeigncurrencytransactionandtranslationadjustmentbeforetax": -4633000,
        "othercomprehensiveincomelossnetoftaxportionattributabletoparent": -8581000,
        "comprehensiveincomenetoftax": 92635000,
        "othercomprehensiveincomelosscashflowhedgegainlossafterreclassificationtax": -1337000
    },
    {
        "date": "2020-02-28",
        "symbol": "FDS",
        "period": "Q2",
        "revenuefromcontractwithcustomerexcludingassessedtax": 369780000,
        "operatingcostsandexpenses": 176218000,
        "sellinggeneralandadministrativeexpense": 87305000,
        "operatingexpenses": 263523000,
        "operatingincomeloss": 106257000,
        "interestincomeexpensenonoperatingnet": -2661000,
        "otherexpenses": 487000,
        "incomelossfromcontinuingoperationsbeforeincometaxesminorityinterestandincomelossfromequitymethodinvestments": 103109000,
        "incometaxexpensebenefit": 14423000,
        "netincomeloss": 88686000,
        "earningspersharebasic": 2.34,
        "earningspersharediluted": 2.3,
        "weightedaveragenumberofsharesoutstandingbasic": 37875000,
        "weightedaveragenumberofdilutedsharesoutstanding": 38576000,
        "othercomprehensiveincomelosscashflowhedgegainlossafterreclassificationandtax": -208000,
        "othercomprehensiveincomelossforeigncurrencytransactionandtranslationadjustmentbeforetax": -1565000,
        "othercomprehensiveincomelossnetoftaxportionattributabletoparent": -1773000,
        "comprehensiveincomenetoftax": 86913000,
        "othercomprehensiveincomeunrealizedgainlossonderivativesarisingduringperiodtax": -73000
    },
    {
        "date": "2019-11-29",
        "symbol": "FDS",
        "period": "Q1",
        "revenuefromcontractwithcustomerexcludingassessedtax": 366658000,
        "operatingcostsandexpenses": 164957000,
        "sellinggeneralandadministrativeexpense": 88515000,
        "operatingexpenses": 253472000,
        "operatingincomeloss": 113186000,
        "interestincomeexpensenonoperatingnet": 3131000,
        "otherexpenses": 1314000,
        "incomelossfromcontinuingoperationsbeforeincometaxesminorityinterestandincomelossfromequitymethodinvestments": 108741000,
        "incometaxexpensebenefit": 14784000,
        "netincomeloss": 93957000,
        "earningspersharebasic": 2.47,
        "earningspersharediluted": 2.43,
        "weightedaveragenumberofsharesoutstandingbasic": 37978000,
        "weightedaveragenumberofdilutedsharesoutstanding": 38587000,
        "othercomprehensiveincomelosscashflowhedgegainlossafterreclassificationandtax": 2051000,
        "othercomprehensiveincomelossforeigncurrencytransactionandtranslationadjustmentbeforetax": 7787000,
        "othercomprehensiveincomelossnetoftaxportionattributabletoparent": 9838000,
        "comprehensiveincomenetoftax": 103795000,
        "othercomprehensiveincomelosscashflowhedgegainlossafterreclassificationtax": 714000
    },
    {
        "date": "2019-08-30",
        "symbol": "FDS",
        "period": "Q4",
        "revenuefromcontractwithcustomerincludingassessedtax": 693743000,
        "costofgoodsandservicessold": 167730000,
        "sellinggeneralandadministrativeexpense": 84985000,
        "operatingincomeloss": 207373000,
        "interestincomeexpensenonoperatingnet": -3279000,
        "incomelossfromcontinuingoperationsbeforeincometaxesminorityinterestandincomelossfromequitymethodinvestments": 108289000,
        "incometaxexpensebenefit": 16762000,
        "netincomeloss": 91527000,
        "earningspersharebasic": 2.3999999999999995,
        "earningspersharediluted": 2.3499999999999996,
        "weightedaveragenumberofsharesoutstandingbasic": -76240000,
        "weightedaveragenumberofdilutedsharesoutstanding": -77548000,
        "othercomprehensiveincomeunrealizedgainlossonderivativesarisingduringperiodnetoftax": -901000,
        "othercomprehensiveincomelossforeigncurrencytransactionandtranslationadjustmentbeforetax": -8521000,
        "othercomprehensiveincomelossnetoftaxportionattributabletoparent": -9422000,
        "comprehensiveincomenetoftax": 82105000
    },
    {
        "date": "2019-05-30",
        "symbol": "FDS",
        "period": "Q3",
        "othercomprehensiveincomeunrealizedgainlossonderivativesarisingduringperiodtax": 65000,
        "revenuefromcontractwithcustomerincludingassessedtax": 35073000,
        "costofgoodsandservicessold": 163832000,
        "sellinggeneralandadministrativeexpense": 83461000,
        "operatingexpenses": 247293000,
        "operatingincomeloss": 21435000,
        "interestincomeexpensenonoperatingnet": -3856000,
        "incomelossfromcontinuingoperationsbeforeincometaxesminorityinterestandincomelossfromequitymethodinvestments": 113384000,
        "incometaxexpensebenefit": 21119000,
        "netincomeloss": 92265000,
        "earningspersharebasic": 2.41,
        "earningspersharediluted": 2.37,
        "weightedaveragenumberofsharesoutstandingbasic": 38223000,
        "weightedaveragenumberofdilutedsharesoutstanding": 38993000,
        "othercomprehensiveincomeunrealizedgainlossonderivativesarisingduringperiodnetoftax": -160000,
        "othercomprehensiveincomelossforeigncurrencytransactionandtranslationadjustmentbeforetax": -11326000,
        "othercomprehensiveincomelossnetoftaxportionattributabletoparent": -11486000,
        "comprehensiveincomenetoftax": 80779000
    },
    {
        "date": "2019-02-27",
        "symbol": "FDS",
        "period": "Q2",
        "othercomprehensiveincomeunrealizedgainlossonderivativesarisingduringperiodtax": 179000,
        "revenuefromcontractwithcustomerincludingassessedtax": 354895000,
        "costofgoodsandservicessold": 165108000,
        "sellinggeneralandadministrativeexpense": 81099000,
        "operatingexpenses": 246207000,
        "operatingincomeloss": 108688000,
        "interestincomeexpensenonoperatingnet": -4339000,
        "incomelossfromcontinuingoperationsbeforeincometaxesminorityinterestandincomelossfromequitymethodinvestments": 104349000,
        "incometaxexpensebenefit": 19647000,
        "netincomeloss": 84702000,
        "earningspersharebasic": 2.23,
        "earningspersharediluted": 2.19,
        "weightedaveragenumberofsharesoutstandingbasic": 38055000,
        "weightedaveragenumberofdilutedsharesoutstanding": 38619000,
        "othercomprehensiveincomeunrealizedgainlossonderivativesarisingduringperiodnetoftax": 527000,
        "othercomprehensiveincomelossforeigncurrencytransactionandtranslationadjustmentbeforetax": 5026000,
        "othercomprehensiveincomelossnetoftaxportionattributabletoparent": 5553000,
        "comprehensiveincomenetoftax": 90255000
    },
    {
        "date": "2018-11-29",
        "symbol": "FDS",
        "period": "Q1",
        "othercomprehensiveincomeunrealizedgainlossonderivativesarisingduringperiodtax": 288000,
        "revenuefromcontractwithcustomerincludingassessedtax": 351640000,
        "costofgoodsandservicessold": 166776000,
        "sellinggeneralandadministrativeexpense": 84325000,
        "operatingexpenses": 251101000,
        "operatingincomeloss": 100539000,
        "interestincomeexpensenonoperatingnet": -4596000,
        "incomelossfromcontinuingoperationsbeforeincometaxesminorityinterestandincomelossfromequitymethodinvestments": 95943000,
        "incometaxexpensebenefit": 11647000,
        "netincomeloss": 84296000,
        "earningspersharebasic": 2.21,
        "earningspersharediluted": 2.17,
        "weightedaveragenumberofsharesoutstandingbasic": 38106000,
        "weightedaveragenumberofdilutedsharesoutstanding": 38809000,
        "othercomprehensiveincomeunrealizedgainlossonderivativesarisingduringperiodnetoftax": 1038000,
        "othercomprehensiveincomelossforeigncurrencytransactionandtranslationadjustmentbeforetax": -9504000,
        "othercomprehensiveincomelossnetoftaxportionattributabletoparent": -8466000,
        "comprehensiveincomenetoftax": 75830000
    },
    {
        "date": "2018-08-30",
        "symbol": "FDS",
        "period": "Q4",
        "revenues": -948700000,
        "sellinggeneralandadministrativeexpense": 88039000,
        "operatingexpenses": 257506000,
        "operatingincomeloss": 88356000,
        "othernonoperatingincomeexpense": -4421000,
        "incomelossfromcontinuingoperationsbeforeincometaxesminorityinterestandincomelossfromequitymethodinvestments": 83935000,
        "incometaxexpensebenefit": 15112000,
        "netincomeloss": 68823000,
        "earningspersharebasic": 1.8000000000000005,
        "earningspersharediluted": 1.77,
        "weightedaveragenumberofsharesoutstandingbasic": -77937000,
        "weightedaveragenumberofdilutedsharesoutstanding": -79253000,
        "othercomprehensiveincomeunrealizedgainlossonderivativesarisingduringperiodnetoftax": -3183000,
        "othercomprehensiveincomelossforeigncurrencytransactionandtranslationadjustmentbeforetax": -7171000,
        "othercomprehensiveincomelossnetoftaxportionattributabletoparent": -10354000,
        "comprehensiveincomenetoftax": 58469000
    },
    {
        "date": "2018-05-30",
        "symbol": "FDS",
        "period": "Q3",
        "othercomprehensiveincomeunrealizedgainlossonderivativesarisingduringperiodtax": 976000,
        "revenues": 339911000,
        "costofrevenue": 165073000,
        "sellinggeneralandadministrativeexpense": 81573000,
        "operatingexpenses": 246646000,
        "operatingincomeloss": 93265000,
        "interestincomeexpensenonoperatingnet": -3754000,
        "othernonoperatingincomeexpense": -3754000,
        "incomelossfromcontinuingoperationsbeforeincometaxesminorityinterestandincomelossfromequitymethodinvestments": 89511000,
        "incometaxexpensebenefit": 14765000,
        "netincomeloss": 74746000,
        "earningspersharebasic": 1.94,
        "earningspersharediluted": 1.91,
        "weightedaveragenumberofsharesoutstandingbasic": 38594000,
        "weightedaveragenumberofdilutedsharesoutstanding": 39104000,
        "othercomprehensiveincomeunrealizedgainlossonderivativesarisingduringperiodnetoftax": -2361000,
        "othercomprehensiveincomelossforeigncurrencytransactionandtranslationadjustmentbeforetax": -20126000,
        "othercomprehensiveincomelossnetoftaxportionattributabletoparent": -22487000,
        "comprehensiveincomenetoftax": 52259000
    },
    {
        "date": "2018-02-27",
        "symbol": "FDS",
        "period": "Q2",
        "othercomprehensiveincomeunrealizedgainlossonderivativesarisingduringperiodtax": 902000,
        "revenues": 335231000,
        "costofservices": 163232000,
        "sellinggeneralandadministrativeexpense": 76514000,
        "operatingexpenses": 239746000,
        "operatingincomeloss": 95485000,
        "interestincomeexpensenonoperatingnet": -3272000,
        "othernonoperatingincomeexpense": -3272000,
        "incomelossfromcontinuingoperationsbeforeincometaxesminorityinterestandincomelossfromequitymethodinvestments": 92213000,
        "incometaxexpensebenefit": 39076000,
        "netincomeloss": 53137000,
        "earningspersharebasic": 1.36,
        "earningspersharediluted": 1.33,
        "weightedaveragenumberofsharesoutstandingbasic": 38991000,
        "weightedaveragenumberofdilutedsharesoutstanding": 39846000,
        "othercomprehensiveincomeunrealizedgainlossonderivativesarisingduringperiodnetoftax": -1268000,
        "othercomprehensiveincomelossforeigncurrencytransactionandtranslationadjustmentbeforetax": 9400000,
        "othercomprehensiveincomelossnetoftaxportionattributabletoparent": 8132000,
        "comprehensiveincomenetoftax": 61269000
    },
    {
        "date": "2017-11-29",
        "symbol": "FDS",
        "period": "Q1",
        "revenues": 329141000,
        "costofservices": 161524000,
        "sellinggeneralandadministrativeexpense": 78519000,
        "operatingexpenses": 240043000,
        "operatingincomeloss": 89098000,
        "othernonoperatingincomeexpense": -2919000,
        "incomelossfromcontinuingoperationsbeforeincometaxesminorityinterestandincomelossfromequitymethodinvestments": 86179000,
        "incometaxexpensebenefit": 15800000,
        "netincomeloss": 70379000,
        "earningspersharebasic": 1.8,
        "earningspersharediluted": 1.77,
        "weightedaveragenumberofsharesoutstandingbasic": 39085000,
        "weightedaveragenumberofdilutedsharesoutstanding": 39680000,
        "othercomprehensiveincomeunrealizedgainlossonderivativesarisingduringperiodnetoftax": -476000,
        "othercomprehensiveincomelossforeigncurrencytransactionandtranslationadjustmentbeforetax": 8466000,
        "othercomprehensiveincomelossnetoftaxportionattributabletoparent": 7990000,
        "comprehensiveincomenetoftax": 78369000
    },
    {
        "date": "2017-05-30",
        "symbol": "FDS",
        "period": "Q3",
        "othercomprehensiveincomeunrealizedgainlossonderivativesarisingduringperiodtax": 2299183,
        "revenues": 312120000,
        "costofservices": 146426000,
        "sellinggeneralandadministrativeexpense": 78052000,
        "operatingexpenses": 224478000,
        "operatingincomeloss": 87642000,
        "othernonoperatingincomeexpense": -2413000,
        "incomelossfromcontinuingoperationsbeforeincometaxesminorityinterestandincomelossfromequitymethodinvestments": 85229000,
        "incometaxexpensebenefit": 19815000,
        "netincomeloss": 65414000,
        "earningspersharebasic": 1.6700000000000004,
        "earningspersharediluted": 1.6600000000000004,
        "weightedaveragenumberofsharesoutstandingbasic": -39788000,
        "weightedaveragenumberofdilutedsharesoutstanding": -40064000,
        "othercomprehensiveincomeunrealizedgainlossonderivativesarisingduringperiodnetoftax": 2385000,
        "othercomprehensiveincomelossforeigncurrencytransactionandtranslationadjustmentbeforetax": 21316000,
        "othercomprehensiveincomelossnetoftaxportionattributabletoparent": 23701000,
        "comprehensiveincomenetoftax": 89115000
    },
    {
        "date": "2017-02-27",
        "symbol": "FDS",
        "period": "Q2",
        "othercomprehensiveincomeunrealizedgainlossonderivativesarisingduringperiodtax": 817,
        "revenues": 294354000,
        "costofservices": 131635000,
        "sellinggeneralandadministrativeexpense": 70973000,
        "operatingexpenses": 202608000,
        "operatingincomeloss": 91746000,
        "gainlossonsaleofbusiness": -1208000,
        "interestincomeexpensenonoperatingnet": -1048000,
        "othernonoperatingincomeexpense": -2256000,
        "incomelossfromcontinuingoperationsbeforeincometaxesminorityinterestandincomelossfromequitymethodinvestments": 89490000,
        "incometaxexpensebenefit": 22780000,
        "netincomeloss": 66710000,
        "earningspersharebasic": 1.69,
        "earningspersharediluted": 1.68,
        "weightedaveragenumberofsharesoutstandingbasic": 39489000,
        "weightedaveragenumberofdilutedsharesoutstanding": 39700000,
        "othercomprehensiveincomeunrealizedgainlossonderivativesarisingduringperiodnetoftax": 1401000,
        "othercomprehensiveincomelossforeigncurrencytransactionandtranslationadjustmentbeforetax": 861000,
        "othercomprehensiveincomelossnetoftaxportionattributabletoparent": 2262000,
        "comprehensiveincomenetoftax": 68972000
    },
    {
        "date": "2016-11-29",
        "symbol": "FDS",
        "period": "Q1",
        "othercomprehensiveincomeunrealizedgainlossonderivativesarisingduringperiodtax": 261000,
        "revenues": 288063000,
        "costofservices": 127250000,
        "sellinggeneralandadministrativeexpense": 70494000,
        "operatingexpenses": 197744000,
        "operatingincomeloss": 90319000,
        "othernonoperatingincomeexpense": -499000,
        "incomelossfromcontinuingoperationsbeforeincometaxesminorityinterestandincomelossfromequitymethodinvestments": 89820000,
        "incometaxexpensebenefit": 23237000,
        "netincomeloss": 66583000,
        "earningspersharebasic": 1.67,
        "earningspersharediluted": 1.66,
        "weightedaveragenumberofsharesoutstandingbasic": 39827000,
        "weightedaveragenumberofdilutedsharesoutstanding": 40100000,
        "othercomprehensiveincomeunrealizedgainlossonderivativesarisingduringperiodnetoftax": 447000,
        "othercomprehensiveincomelossforeigncurrencytransactionandtranslationadjustmentbeforetax": -11497000,
        "othercomprehensiveincomelossnetoftaxportionattributabletoparent": -11050000,
        "comprehensiveincomenetoftax": 55533000
    },
    {
        "date": "2016-05-30",
        "symbol": "FDS",
        "period": "Q3",
        "othercomprehensiveincomeunrealizedgainlossonderivativesarisingduringperiodtax": 1448000,
        "revenues": 287501000,
        "costofservices": 124602000,
        "sellinggeneralandadministrativeexpense": 73609000,
        "operatingexpenses": 198211000,
        "operatingincomeloss": 89290000,
        "othernonoperatingincomeexpense": -433000,
        "incomelossfromcontinuingoperationsbeforeincometaxesminorityinterestandincomelossfromequitymethodinvestments": 88857000,
        "incometaxexpensebenefit": 22076000,
        "netincomeloss": 66781000,
        "earningspersharebasic": 1.64,
        "earningspersharediluted": 1.62,
        "weightedaveragenumberofsharesoutstandingbasic": 40779000,
        "weightedaveragenumberofdilutedsharesoutstanding": 41189000,
        "othercomprehensiveincomeunrealizedgainlossonderivativesarisingduringperiodnetoftax": 2464000,
        "othercomprehensiveincomelossforeigncurrencytransactionandtranslationadjustmentbeforetax": 8883000,
        "othercomprehensiveincomelossnetoftaxportionattributabletoparent": 11347000,
        "comprehensiveincomenetoftax": 78128000
    },
    {
        "date": "2016-02-28",
        "symbol": "FDS",
        "period": "Q2",
        "othercomprehensiveincomeunrealizedgainlossonderivativesarisingduringperiodtax": -1068000,
        "revenues": 281796000,
        "costofservices": 123911000,
        "sellinggeneralandadministrativeexpense": 72541000,
        "operatingexpenses": 196452000,
        "operatingincomeloss": 85344000,
        "othernonoperatingincomeexpense": -424000,
        "incomelossfromcontinuingoperationsbeforeincometaxesminorityinterestandincomelossfromequitymethodinvestments": 84919000,
        "incometaxexpensebenefit": 17157000,
        "netincomeloss": 67763000,
        "earningspersharebasic": 1.65,
        "earningspersharediluted": 1.63,
        "weightedaveragenumberofsharesoutstandingbasic": 41117000,
        "weightedaveragenumberofdilutedsharesoutstanding": 41536000,
        "othercomprehensiveincomeunrealizedgainlossonderivativesarisingduringperiodnetoftax": -1819000,
        "othercomprehensiveincomelossforeigncurrencytransactionandtranslationadjustmentbeforetax": -10364000,
        "othercomprehensiveincomelossnetoftaxportionattributabletoparent": -12183000,
        "comprehensiveincomenetoftax": 55580000
    },
    {
        "date": "2015-11-29",
        "symbol": "FDS",
        "period": "Q1",
        "othercomprehensiveincomeunrealizedgainlossonderivativesarisingduringperiodtax": -244000,
        "netincomeloss": 59965000,
        "othercomprehensiveincomeunrealizedgainlossonderivativesarisingduringperiodnetoftax": -416000,
        "othercomprehensiveincomelossforeigncurrencytransactionandtranslationadjustmentbeforetax": -6386000,
        "othercomprehensiveincomelossnetoftaxportionattributabletoparent": -6802000,
        "comprehensiveincomenetoftax": 53163000,
        "revenues": 270504000,
        "costofservices": 114736000,
        "sellinggeneralandadministrativeexpense": 68460000,
        "operatingexpenses": 183196000,
        "operatingincomeloss": 87308000,
        "othernonoperatingincome": 93000,
        "incomelossfromcontinuingoperationsbeforeincometaxesminorityinterestandincomelossfromequitymethodinvestments": 87401000,
        "incometaxexpensebenefit": 27436000,
        "earningspersharebasic": 1.45,
        "earningspersharediluted": 1.43,
        "weightedaveragenumberofsharesoutstandingbasic": 41387000,
        "weightedaveragenumberofdilutedsharesoutstanding": 42063000
    },
    {
        "date": "2015-05-30",
        "symbol": "FDS",
        "period": "Q3",
        "revenues": 19296000,
        "costofservices": 100686000,
        "sellinggeneralandadministrativeexpense": 68480000,
        "operatingexpenses": 169166000,
        "operatingincomeloss": 10837000,
        "othernonoperatingincome": 482000,
        "incomelossfromcontinuingoperationsbeforeincometaxesminorityinterestandincomelossfromequitymethodinvestments": 85838000,
        "incometaxexpensebenefit": 24429000,
        "netincomeloss": 61409000,
        "earningspersharebasic": 1.48,
        "earningspersharediluted": 1.45,
        "weightedaveragenumberofsharesoutstandingbasic": 41628000,
        "weightedaveragenumberofdilutedsharesoutstanding": 42297000,
        "othercomprehensiveincomeunrealizedgainlossonderivativesarisingduringperiodnetoftax": -1020000,
        "othercomprehensiveincomelossforeigncurrencytransactionandtranslationadjustmentbeforetax": -4187000,
        "othercomprehensiveincomelossnetoftaxportionattributabletoparent": -5207000,
        "comprehensiveincomenetoftax": 56202000,
        "othercomprehensiveincomeunrealizedgainlossonderivativesarisingduringperiodtax": 606000
    },
    {
        "date": "2015-02-27",
        "symbol": "FDS",
        "period": "Q2",
        "revenues": 18699000,
        "costofservices": 99516000,
        "sellinggeneralandadministrativeexpense": 67628000,
        "operatingexpenses": 167144000,
        "operatingincomeloss": 10246000,
        "othernonoperatingincome": 534000,
        "incomelossfromcontinuingoperationsbeforeincometaxesminorityinterestandincomelossfromequitymethodinvestments": 81182000,
        "incometaxexpensebenefit": 19584000,
        "netincomeloss": 61598000,
        "earningspersharebasic": 1.48,
        "earningspersharediluted": 1.46,
        "weightedaveragenumberofsharesoutstandingbasic": 41630000,
        "weightedaveragenumberofdilutedsharesoutstanding": 42306000,
        "othercomprehensiveincomeunrealizedgainlossonderivativesarisingduringperiodnetoftax": 843000,
        "othercomprehensiveincomelossforeigncurrencytransactionandtranslationadjustmentbeforetax": -8011000,
        "othercomprehensiveincomelossnetoftaxportionattributabletoparent": -7168000,
        "comprehensiveincomenetoftax": 54430000,
        "othercomprehensiveincomeunrealizedgainlossonderivativesarisingduringperiodtax": 501000
    },
    {
        "date": "2014-11-29",
        "symbol": "FDS",
        "period": "Q1",
        "revenues": 18403000,
        "costofservices": 97543000,
        "sellinggeneralandadministrativeexpense": 64873000,
        "operatingexpenses": 162416000,
        "operatingincomeloss": 9236000,
        "othernonoperatingincome": 430000,
        "incomelossfromcontinuingoperationsbeforeincometaxesminorityinterestandincomelossfromequitymethodinvestments": 80690000,
        "incometaxexpensebenefit": 24830000,
        "netincomeloss": 55860000,
        "earningspersharebasic": 1.34,
        "earningspersharediluted": 1.32,
        "weightedaveragenumberofsharesoutstandingbasic": 41683000,
        "weightedaveragenumberofdilutedsharesoutstanding": 42340000,
        "commonstockdividendspersharedeclared": 0.39,
        "othercomprehensiveincomeunrealizedgainlossonderivativesarisingduringperiodnetoftax": -112000,
        "othercomprehensiveincomelossforeigncurrencytransactionandtranslationadjustmentbeforetax": -13555000,
        "othercomprehensiveincomelossnetoftaxportionattributabletoparent": -13667000,
        "comprehensiveincomenetoftax": 42193000,
        "othercomprehensiveincomeunrealizedgainlossonderivativesarisingduringperiodtax": -67000
    },
    {
        "date": "2014-05-30",
        "symbol": "FDS",
        "period": "Q3",
        "revenues": 17255000,
        "costofservices": 90661000,
        "sellinggeneralandadministrativeexpense": 68063000,
        "operatingexpenses": 158724000,
        "operatingincomeloss": 9224000,
        "othernonoperatingincome": 334000,
        "incomelossfromcontinuingoperationsbeforeincometaxesminorityinterestandincomelossfromequitymethodinvestments": 73371000,
        "incometaxexpensebenefit": 21839000,
        "netincomeloss": 51532000,
        "earningspersharebasic": 1.22,
        "earningspersharediluted": 1.21,
        "weightedaveragenumberofsharesoutstandingbasic": 42166000,
        "weightedaveragenumberofdilutedsharesoutstanding": 42615000,
        "othercomprehensiveincomeunrealizedgainlossonderivativesarisingduringperiodnetoftax": 2341000,
        "othercomprehensiveincomelossforeigncurrencytransactionandtranslationadjustmentbeforetax": 545000,
        "othercomprehensiveincomelossnetoftaxportionattributabletoparent": 2886000,
        "comprehensiveincomenetoftax": 54418000,
        "othercomprehensiveincomeunrealizedgainlossonderivativesarisingduringperiodtax": 1391000
    },
    {
        "date": "2014-02-27",
        "symbol": "FDS",
        "period": "Q2",
        "revenues": 16645000,
        "costofservices": 87254000,
        "sellinggeneralandadministrativeexpense": 64626000,
        "operatingexpenses": 151880000,
        "operatingincomeloss": 8941000,
        "othernonoperatingincome": 344000,
        "incomelossfromcontinuingoperationsbeforeincometaxesminorityinterestandincomelossfromequitymethodinvestments": 75398000,
        "incometaxexpensebenefit": 22972000,
        "netincomeloss": 52426000,
        "earningspersharebasic": 1.23,
        "earningspersharediluted": 1.22,
        "weightedaveragenumberofsharesoutstandingbasic": 42547000,
        "weightedaveragenumberofdilutedsharesoutstanding": 43107000,
        "othercomprehensiveincomeunrealizedgainlossonderivativesarisingduringperiodnetoftax": 387000,
        "othercomprehensiveincomelossforeigncurrencytransactionandtranslationadjustmentbeforetax": 3506000,
        "othercomprehensiveincomelossnetoftaxportionattributabletoparent": 3893000,
        "comprehensiveincomenetoftax": 56319000
    },
    {
        "date": "2013-11-29",
        "symbol": "FDS",
        "period": "Q1",
        "revenues": 16358000,
        "costofservices": 83250000,
        "sellinggeneralandadministrativeexpense": 64985000,
        "operatingexpenses": 148235000,
        "operatingincomeloss": 7705000,
        "othernonoperatingincome": 341000,
        "incomelossfromcontinuingoperationsbeforeincometaxesminorityinterestandincomelossfromequitymethodinvestments": 75081000,
        "incometaxexpensebenefit": 22903000,
        "netincomeloss": 52178000,
        "earningspersharebasic": 1.21,
        "earningspersharediluted": 1.19,
        "weightedaveragenumberofsharesoutstandingbasic": 43134000,
        "weightedaveragenumberofdilutedsharesoutstanding": 43773000,
        "othercomprehensiveincomeunrealizedgainlossonderivativesarisingduringperiodnetoftax": 2647000,
        "othercomprehensiveincomelossforeigncurrencytransactionandtranslationadjustmentbeforetax": 8148000,
        "othercomprehensiveincomelossnetoftaxportionattributabletoparent": 10795000,
        "comprehensiveincomenetoftax": 62973000,
        "othercomprehensiveincomeunrealizedgainlossonderivativesarisingduringperiodtax": 1980000
    },
    {
        "date": "2013-05-30",
        "symbol": "FDS",
        "period": "Q3",
        "revenues": 15283000,
        "costofservices": 76721000,
        "sellinggeneralandadministrativeexpense": 66255000,
        "operatingexpenses": 142976000,
        "operatingincomeloss": 7775000,
        "othernonoperatingincome": 361000,
        "incomelossfromcontinuingoperationsbeforeincometaxesminorityinterestandincomelossfromequitymethodinvestments": 71998000,
        "incometaxexpensebenefit": 18631000,
        "netincomeloss": 53367000,
        "earningspersharebasic": 1.21,
        "earningspersharediluted": 1.2,
        "weightedaveragenumberofsharesoutstandingbasic": 43954000,
        "weightedaveragenumberofdilutedsharesoutstanding": 44485000,
        "othercomprehensiveincomeunrealizedgainlossonderivativesarisingduringperiodnetoftax": -549000,
        "othercomprehensiveincomelossforeigncurrencytransactionandtranslationadjustmentbeforetax": -2478000,
        "othercomprehensiveincomelossnetoftaxportionattributabletoparent": -3027000,
        "comprehensiveincomenetoftax": 50340000,
        "othercomprehensiveincomeunrealizedgainlossonderivativesarisingduringperiodtax": 328000
    },
    {
        "date": "2013-02-27",
        "symbol": "FDS",
        "period": "Q2",
        "revenues": 15399000,
        "costofservices": 75842000,
        "sellinggeneralandadministrativeexpense": 81077000,
        "operatingexpenses": 156919000,
        "operatingincomeloss": 7420000,
        "othernonoperatingincome": 357000,
        "incomelossfromcontinuingoperationsbeforeincometaxesminorityinterestandincomelossfromequitymethodinvestments": 56521000,
        "incometaxexpensebenefit": 11982000,
        "netincomeloss": 44539000,
        "earningspersharebasic": 1.02,
        "earningspersharediluted": 1,
        "weightedaveragenumberofsharesoutstandingbasic": 43813000,
        "weightedaveragenumberofdilutedsharesoutstanding": 44455000,
        "othercomprehensiveincomeunrealizedgainlossonderivativesarisingduringperiodnetoftax": 84000,
        "othercomprehensiveincomelossforeigncurrencytransactionandtranslationadjustmentbeforetax": -4731000,
        "othercomprehensiveincomelossnetoftaxportionattributabletoparent": -4647000,
        "comprehensiveincomenetoftax": 39892000,
        "othercomprehensiveincomeunrealizedgainlossonderivativesarisingduringperiodtax": -50000
    },
    {
        "date": "2012-11-29",
        "symbol": "FDS",
        "period": "Q1",
        "revenues": 15513000,
        "costofservices": 73586000,
        "sellinggeneralandadministrativeexpense": 66414000,
        "operatingexpenses": 140000000,
        "operatingincomeloss": 6762000,
        "othernonoperatingincome": 428000,
        "incomelossfromcontinuingoperationsbeforeincometaxesminorityinterestandincomelossfromequitymethodinvestments": 71513000,
        "incometaxexpensebenefit": 21744000,
        "netincomeloss": 49769000,
        "earningspersharebasic": 1.12,
        "earningspersharediluted": 1.11,
        "weightedaveragenumberofsharesoutstandingbasic": 44316000,
        "weightedaveragenumberofdilutedsharesoutstanding": 44984000,
        "othercomprehensiveincomeunrealizedgainlossonderivativesarisingduringperiodnetoftax": 1287000,
        "othercomprehensiveincomelossforeigncurrencytransactionandtranslationadjustmentbeforetax": 3074000,
        "othercomprehensiveincomelossnetoftaxportionattributabletoparent": 4361000,
        "comprehensiveincomenetoftax": 54130000
    },
    {
        "date": "2012-05-30",
        "symbol": "FDS",
        "period": "Q3",
        "revenues": 14647000,
        "costofservices": 68878000,
        "sellinggeneralandadministrativeexpense": 64939000,
        "operatingexpenses": 133817000,
        "operatingincomeloss": 7469000,
        "othernonoperatingincome": 483000,
        "incomelossfromcontinuingoperationsbeforeincometaxesminorityinterestandincomelossfromequitymethodinvestments": 68977000,
        "incometaxexpensebenefit": 20997000,
        "netincomeloss": 47980000,
        "earningspersharebasic": 1.07,
        "earningspersharediluted": 1.05,
        "weightedaveragenumberofsharesoutstandingbasic": 44791000,
        "weightedaveragenumberofdilutedsharesoutstanding": 45736000
    },
    {
        "date": "2012-02-28",
        "symbol": "FDS",
        "period": "Q2",
        "revenues": 14132000,
        "costofservices": 67531000,
        "sellinggeneralandadministrativeexpense": 64723000,
        "operatingexpenses": 132254000,
        "operatingincomeloss": 7016000,
        "othernonoperatingincome": 496000,
        "incomelossfromcontinuingoperationsbeforeincometaxesminorityinterestandincomelossfromequitymethodinvestments": 67613000,
        "incometaxexpensebenefit": 4900000,
        "netincomeloss": 46746000,
        "earningspersharebasic": 1.04,
        "earningspersharediluted": 1.02,
        "weightedaveragenumberofsharesoutstandingbasic": 44880000,
        "weightedaveragenumberofdilutedsharesoutstanding": 45707000
    },
    {
        "date": "2011-11-29",
        "symbol": "FDS",
        "period": "Q1",
        "revenues": 13866000,
        "costofservices": 66833000,
        "sellinggeneralandadministrativeexpense": 62862000,
        "operatingexpenses": 129695000,
        "operatingincomeloss": 6536000,
        "othernonoperatingincome": 277000,
        "incomelossfromcontinuingoperationsbeforeincometaxesminorityinterestandincomelossfromequitymethodinvestments": 67030000,
        "incometaxexpensebenefit": 21486000,
        "netincomeloss": 45544000,
        "earningspersharebasic": 1.01,
        "earningspersharediluted": 0.99,
        "weightedaveragenumberofsharesoutstandingbasic": 45107000,
        "weightedaveragenumberofdilutedsharesoutstanding": 46103000
    },
    {
        "date": "2011-05-30",
        "symbol": "FDS",
        "period": "Q3",
        "revenues": 183647000,
        "costofservices": 62224000,
        "sellinggeneralandadministrativeexpense": 59600000,
        "operatingexpenses": 121824000,
        "operatingincomeloss": 61823000,
        "othernonoperatingincome": 172000,
        "incomelossfromcontinuingoperationsbeforeincometaxesminorityinterestandincomelossfromequitymethodinvestments": 61995000,
        "incometaxexpensebenefit": 18684000,
        "netincomeloss": 43311000,
        "earningspersharebasic": 0.94,
        "earningspersharediluted": 0.92,
        "weightedaveragenumberofsharesoutstandingbasic": 45969000,
        "weightedaveragenumberofdilutedsharesoutstanding": 47154000
    },
    {
        "date": "2011-02-27",
        "symbol": "FDS",
        "period": "Q2",
        "revenues": 177635000,
        "costofservices": 60137000,
        "sellinggeneralandadministrativeexpense": 59405000,
        "operatingexpenses": 119542000,
        "operatingincomeloss": 58093000,
        "othernonoperatingincome": 132000,
        "incomelossfromcontinuingoperationsbeforeincometaxesminorityinterestandincomelossfromequitymethodinvestments": 58225000,
        "incometaxexpensebenefit": 12971000,
        "netincomeloss": 45254000,
        "earningspersharebasic": 0.98,
        "earningspersharediluted": 0.95,
        "weightedaveragenumberofsharesoutstandingbasic": 46226000,
        "weightedaveragenumberofdilutedsharesoutstanding": 47427000
    },
    {
        "date": "2010-11-29",
        "symbol": "FDS",
        "period": "Q1",
        "revenues": 173289000,
        "costofservices": 56785000,
        "sellinggeneralandadministrativeexpense": 57075000,
        "operatingexpenses": 113860000,
        "operatingincomeloss": 59429000,
        "othernonoperatingincome": 125000,
        "incomelossfromcontinuingoperationsbeforeincometaxesminorityinterestandincomelossfromequitymethodinvestments": 59554000,
        "incometaxexpensebenefit": 17953000,
        "netincomeloss": 41601000,
        "earningspersharebasic": 0.9,
        "earningspersharediluted": 0.88,
        "weightedaveragenumberofsharesoutstandingbasic": 46283000,
        "weightedaveragenumberofdilutedsharesoutstanding": 47487000
    }
]