[
    {
        "date": "2024-09-29",
        "symbol": "AME",
        "period": "Q3",
        "revenuefromcontractwithcustomerexcludingassessedtax": 1708564000,
        "costofgoodsandservicessold": 1092754000,
        "sellinggeneralandadministrativeexpense": 169959000,
        "costsandexpenses": 1262713000,
        "operatingincomeloss": 445851000,
        "interestexpensenonoperating": 25118000,
        "othernonoperatingincomeexpense": -1888000,
        "incomelossfromcontinuingoperationsbeforeincometaxesextraordinaryitemsnoncontrollinginterest": 418845000,
        "incometaxexpensebenefit": 78604000,
        "netincomeloss": 340241000,
        "earningspersharebasic": 1.47,
        "earningspersharediluted": 1.47,
        "weightedaveragenumberofsharesoutstandingbasic": 231342000,
        "weightedaveragenumberofdilutedsharesoutstanding": 232224000,
        "commonstockdividendspersharecashpaid": 0.28,
        "comprehensiveincomenetoftax": 405095000
    },
    {
        "date": "2024-06-29",
        "symbol": "AME",
        "period": "Q2",
        "revenuefromcontractwithcustomerexcludingassessedtax": 1734834000,
        "costofgoodsandservicessold": 1110425000,
        "sellinggeneralandadministrativeexpense": 176895000,
        "costsandexpenses": 1287320000,
        "operatingincomeloss": 447514000,
        "interestexpensenonoperating": 30590000,
        "othernonoperatingincomeexpense": 86000,
        "incomelossfromcontinuingoperationsbeforeincometaxesextraordinaryitemsnoncontrollinginterest": 417010000,
        "incometaxexpensebenefit": 79327000,
        "netincomeloss": 337683000,
        "earningspersharebasic": 1.46,
        "earningspersharediluted": 1.45,
        "weightedaveragenumberofsharesoutstandingbasic": 231437000,
        "weightedaveragenumberofdilutedsharesoutstanding": 232304000,
        "commonstockdividendspersharecashpaid": 0.28,
        "comprehensiveincomenetoftax": 325618000
    },
    {
        "date": "2024-03-30",
        "symbol": "AME",
        "period": "Q1",
        "revenuefromcontractwithcustomerexcludingassessedtax": 1736180000,
        "costofgoodsandservicessold": 1144681000,
        "sellinggeneralandadministrativeexpense": 174283000,
        "costsandexpenses": 1318964000,
        "operatingincomeloss": 417216000,
        "interestexpense": 35254000,
        "othernonoperatingincomeexpense": -633000,
        "incomelossfromcontinuingoperationsbeforeincometaxesextraordinaryitemsnoncontrollinginterest": 381329000,
        "incometaxexpensebenefit": 70386000,
        "netincomeloss": 310943000,
        "earningspersharebasic": 1.35,
        "earningspersharediluted": 1.34,
        "weightedaveragenumberofsharesoutstandingbasic": 231097000,
        "weightedaveragenumberofdilutedsharesoutstanding": 232035000,
        "commonstockdividendspersharecashpaid": 0.28,
        "comprehensiveincomenetoftax": 285557000
    },
    {
        "date": "2023-12-30",
        "symbol": "AME",
        "period": "Q4",
        "costofgoodsandservicessold": 1115850000,
        "sellinggeneralandadministrativeexpense": 170043000,
        "costsandexpenses": 1285893000,
        "operatingincomeloss": 444992000,
        "interestexpense": 24117000,
        "othernonoperatingincomeexpense": -3939000,
        "incomelossfromcontinuingoperationsbeforeincometaxesextraordinaryitemsnoncontrollinginterest": 416936000,
        "incometaxexpensebenefit": 74072000,
        "netincomeloss": 342864000,
        "earningspersharebasic": 1.4800000000000004,
        "earningspersharediluted": 1.4800000000000002,
        "weightedaveragenumberofsharesoutstandingbasic": 230519000,
        "weightedaveragenumberofdilutedsharesoutstanding": 231509000,
        "comprehensiveincomenetoftax": 425531000
    },
    {
        "date": "2023-09-29",
        "symbol": "AME",
        "period": "Q3",
        "revenuefromcontractwithcustomerexcludingassessedtax": 1622837000,
        "costofgoodsandservicessold": 1020920000,
        "sellinggeneralandadministrativeexpense": 163782000,
        "costsandexpenses": 1184702000,
        "operatingincomeloss": 438135000,
        "interestexpense": 18386000,
        "othernonoperatingincomeexpense": -6256000,
        "incomelossfromcontinuingoperationsbeforeincometaxesextraordinaryitemsnoncontrollinginterest": 413493000,
        "incometaxexpensebenefit": 73123000,
        "netincomeloss": 340370000,
        "earningspersharebasic": 1.48,
        "earningspersharediluted": 1.47,
        "weightedaveragenumberofsharesoutstandingbasic": 230691000,
        "weightedaveragenumberofdilutedsharesoutstanding": 231751000,
        "commonstockdividendspersharecashpaid": 0.25,
        "comprehensiveincomenetoftax": 294757000
    },
    {
        "date": "2023-06-29",
        "symbol": "AME",
        "period": "Q2",
        "revenuefromcontractwithcustomerexcludingassessedtax": 245559000,
        "costofgoodsandservicessold": 1053190000,
        "sellinggeneralandadministrativeexpense": 174130000,
        "costsandexpenses": 1227320000,
        "operatingincomeloss": 418791000,
        "interestexpense": 18723000,
        "othernonoperatingincomeexpense": -3684000,
        "incomelossfromcontinuingoperationsbeforeincometaxesextraordinaryitemsnoncontrollinginterest": 396384000,
        "incometaxexpensebenefit": 72142000,
        "netincomeloss": 324242000,
        "earningspersharebasic": 1.41,
        "earningspersharediluted": 1.4,
        "weightedaveragenumberofsharesoutstandingbasic": 230478000,
        "weightedaveragenumberofdilutedsharesoutstanding": 231261000,
        "commonstockdividendspersharecashpaid": 0.25,
        "comprehensiveincomenetoftax": 350692000
    },
    {
        "date": "2023-03-30",
        "symbol": "AME",
        "period": "Q1",
        "revenuefromcontractwithcustomerexcludingassessedtax": 248208000,
        "costofgoodsandservicessold": 1022525000,
        "sellinggeneralandadministrativeexpense": 169051000,
        "costsandexpenses": 1191576000,
        "operatingincomeloss": 405541000,
        "interestexpense": 20569000,
        "othernonoperatingincomeexpense": -5373000,
        "incomelossfromcontinuingoperationsbeforeincometaxesextraordinaryitemsnoncontrollinginterest": 379599000,
        "incometaxexpensebenefit": 73887000,
        "netincomeloss": 305712000,
        "earningspersharebasic": 1.33,
        "earningspersharediluted": 1.32,
        "weightedaveragenumberofsharesoutstandingbasic": 230126000,
        "weightedaveragenumberofdilutedsharesoutstanding": 231229000,
        "commonstockdividendspersharecashpaid": 0.25,
        "comprehensiveincomenetoftax": 332211000
    },
    {
        "date": "2022-12-30",
        "symbol": "AME",
        "period": "Q4",
        "costofgoodsandservicessold": -2837904000,
        "sellinggeneralandadministrativeexpense": 163920000,
        "costsandexpenses": 1227577000,
        "operatingincomeloss": -1195232000,
        "interestexpense": 23021000,
        "othernonoperatingincomeexpense": 3434000,
        "incomelossfromcontinuingoperationsbeforeincometaxesextraordinaryitemsnoncontrollinginterest": 378503000,
        "incometaxexpensebenefit": 71422000,
        "netincomeloss": 307081000,
        "earningspersharebasic": 1.3300000000000003,
        "earningspersharediluted": 1.33,
        "weightedaveragenumberofsharesoutstandingbasic": -460873000,
        "weightedaveragenumberofdilutedsharesoutstanding": -463490000,
        "comprehensiveincomenetoftax": 360139000
    },
    {
        "date": "2022-09-29",
        "symbol": "AME",
        "period": "Q3",
        "revenuefromcontractwithcustomerexcludingassessedtax": 246109000,
        "costofgoodsandservicessold": 1004596000,
        "sellinggeneralandadministrativeexpense": 162670000,
        "costsandexpenses": 1167266000,
        "operatingincomeloss": 384520000,
        "interestexpense": 20245000,
        "othernonoperatingincomeexpense": 3227000,
        "incomelossfromcontinuingoperationsbeforeincometaxesextraordinaryitemsnoncontrollinginterest": 367502000,
        "incometaxexpensebenefit": 69861000,
        "netincomeloss": 297641000,
        "earningspersharebasic": 1.3,
        "earningspersharediluted": 1.29,
        "weightedaveragenumberofsharesoutstandingbasic": 229500000,
        "weightedaveragenumberofdilutedsharesoutstanding": 230714000,
        "commonstockdividendspersharecashpaid": 0.22,
        "comprehensiveincomenetoftax": 215568000
    },
    {
        "date": "2022-06-29",
        "symbol": "AME",
        "period": "Q2",
        "revenuefromcontractwithcustomerexcludingassessedtax": 251098000,
        "costofgoodsandservicessold": 988175000,
        "sellinggeneralandadministrativeexpense": 161535000,
        "costsandexpenses": 1149710000,
        "operatingincomeloss": 364842000,
        "interestexpense": 20350000,
        "othernonoperatingincomeexpense": 1973000,
        "incomelossfromcontinuingoperationsbeforeincometaxesextraordinaryitemsnoncontrollinginterest": 346465000,
        "incometaxexpensebenefit": 64092000,
        "netincomeloss": 282373000,
        "earningspersharebasic": 1.23,
        "earningspersharediluted": 1.22,
        "weightedaveragenumberofsharesoutstandingbasic": 230100000,
        "weightedaveragenumberofdilutedsharesoutstanding": 231247000,
        "commonstockdividendspersharecashpaid": 0.22,
        "comprehensiveincomenetoftax": 222033000
    },
    {
        "date": "2022-03-30",
        "symbol": "AME",
        "period": "Q1",
        "revenuefromcontractwithcustomerexcludingassessedtax": 232923000,
        "costofgoodsandservicessold": 948833000,
        "sellinggeneralandadministrativeexpense": 156452000,
        "costsandexpenses": 1105285000,
        "operatingincomeloss": 353240000,
        "interestexpense": 19570000,
        "othernonoperatingincomeexpense": 2552000,
        "incomelossfromcontinuingoperationsbeforeincometaxesextraordinaryitemsnoncontrollinginterest": 336222000,
        "incometaxexpensebenefit": 63775000,
        "netincomeloss": 272447000,
        "earningspersharebasic": 1.18,
        "earningspersharediluted": 1.17,
        "weightedaveragenumberofsharesoutstandingbasic": 231481000,
        "weightedaveragenumberofdilutedsharesoutstanding": 233065000,
        "commonstockdividendspersharecashpaid": 0.22,
        "comprehensiveincomenetoftax": 257301000
    },
    {
        "date": "2021-12-30",
        "symbol": "AME",
        "period": "Q4",
        "costofgoodsandservicessold": -2565406000,
        "sellinggeneralandadministrativeexpense": 160200000,
        "costsandexpenses": 2212329000,
        "operatingincomeloss": -1034410000,
        "interestexpense": 20516000,
        "othernonoperatingincomeexpense": -1344000,
        "incomelossfromcontinuingoperationsbeforeincometaxesextraordinaryitemsnoncontrollinginterest": 339291000,
        "incometaxexpensebenefit": 57610000,
        "netincomeloss": 281681000,
        "earningspersharebasic": 1.2299999999999998,
        "earningspersharediluted": 1.21,
        "weightedaveragenumberofsharesoutstandingbasic": -461479000,
        "weightedaveragenumberofdilutedsharesoutstanding": -465324000,
        "comprehensiveincomenetoftax": 335502000
    },
    {
        "date": "2021-09-29",
        "symbol": "AME",
        "period": "Q3",
        "revenuefromcontractwithcustomerexcludingassessedtax": 236133000,
        "costofgoodsandservicessold": 949402000,
        "sellinggeneralandadministrativeexpense": 153716000,
        "costsandexpenses": 1103118000,
        "operatingincomeloss": 337563000,
        "interestexpense": 20476000,
        "othernonoperatingincomeexpense": 2581000,
        "incomelossfromcontinuingoperationsbeforeincometaxesextraordinaryitemsnoncontrollinginterest": 319668000,
        "incometaxexpensebenefit": 62208000,
        "netincomeloss": 257460000,
        "earningspersharebasic": 1.11,
        "earningspersharediluted": 1.1,
        "weightedaveragenumberofsharesoutstandingbasic": 231171000,
        "weightedaveragenumberofdilutedsharesoutstanding": 233000000,
        "commonstockdividendspersharecashpaid": 0.2,
        "comprehensiveincomenetoftax": 240076000
    },
    {
        "date": "2021-06-29",
        "symbol": "AME",
        "period": "Q2",
        "revenuefromcontractwithcustomerexcludingassessedtax": 1386346000,
        "costofgoodsandservicessold": 912712000,
        "sellinggeneralandadministrativeexpense": 157023000,
        "costsandexpenses": 1069735000,
        "operatingincomeloss": 316611000,
        "interestexpense": 20442000,
        "othernonoperatingincomeexpense": -4414000,
        "incomelossfromcontinuingoperationsbeforeincometaxesextraordinaryitemsnoncontrollinginterest": 291755000,
        "incometaxexpensebenefit": 60076000,
        "netincomeloss": 231679000,
        "earningspersharebasic": 1,
        "earningspersharediluted": 1,
        "weightedaveragenumberofsharesoutstandingbasic": 230828000,
        "weightedaveragenumberofdilutedsharesoutstanding": 232841000,
        "commonstockdividendspersharecashpaid": 0.2,
        "comprehensiveincomenetoftax": 237673000
    },
    {
        "date": "2021-03-30",
        "symbol": "AME",
        "period": "Q1",
        "revenuefromcontractwithcustomerexcludingassessedtax": 1215742000,
        "costofgoodsandservicessold": 789392000,
        "sellinggeneralandadministrativeexpense": 133005000,
        "costsandexpenses": 922397000,
        "operatingincomeloss": 293345000,
        "interestexpense": 18947000,
        "othernonoperatingincomeexpense": -1942000,
        "incomelossfromcontinuingoperationsbeforeincometaxesextraordinaryitemsnoncontrollinginterest": 272456000,
        "incometaxexpensebenefit": 53223000,
        "netincomeloss": 219233000,
        "earningspersharebasic": 0.95,
        "earningspersharediluted": 0.94,
        "weightedaveragenumberofsharesoutstandingbasic": 230435000,
        "weightedaveragenumberofdilutedsharesoutstanding": 232296000,
        "commonstockdividendspersharecashpaid": 0.2,
        "comprehensiveincomenetoftax": 210826000
    },
    {
        "date": "2020-12-30",
        "symbol": "AME",
        "period": "Q4",
        "revenuefromcontractwithcustomerincludingassessedtax": 1198947000,
        "costofgoodsandservicessold": 769968000,
        "sellinggeneralandadministrativeexpense": 130866000,
        "costsandexpenses": 900834000,
        "operatingincomeloss": 298113000,
        "interestexpense": 19465000,
        "othernonoperatingincomeexpense": -1941000,
        "incomelossfromcontinuingoperationsbeforeincometaxesextraordinaryitemsnoncontrollinginterest": 276707000,
        "incometaxexpensebenefit": 55682000,
        "netincomeloss": 221025000,
        "earningspersharebasic": 0.9499999999999997,
        "earningspersharediluted": 0.95,
        "weightedaveragenumberofsharesoutstandingbasic": -458328000,
        "weightedaveragenumberofdilutedsharesoutstanding": -461563000,
        "comprehensiveincomenetoftax": 250202000
    },
    {
        "date": "2020-09-29",
        "symbol": "AME",
        "period": "Q3",
        "revenuefromcontractwithcustomerincludingassessedtax": 1126942000,
        "costofgoodsandservicessold": 732705000,
        "sellinggeneralandadministrativeexpense": 123496000,
        "costsandexpenses": 856201000,
        "operatingincomeloss": 270741000,
        "interestexpense": 21187000,
        "othernonoperatingincomeexpense": -1479000,
        "incomelossfromcontinuingoperationsbeforeincometaxesextraordinaryitemsnoncontrollinginterest": 248075000,
        "incometaxexpensebenefit": 43494000,
        "netincomeloss": 204581000,
        "earningspersharebasic": 0.89,
        "earningspersharediluted": 0.88,
        "weightedaveragenumberofsharesoutstandingbasic": 229576000,
        "weightedaveragenumberofdilutedsharesoutstanding": 231460000,
        "commonstockdividendspersharecashpaid": 0.18,
        "comprehensiveincomenetoftax": 229713000
    },
    {
        "date": "2020-06-29",
        "symbol": "AME",
        "period": "Q2",
        "revenuefromcontractwithcustomerincludingassessedtax": 1011922000,
        "costofgoodsandservicessold": 669195000,
        "sellinggeneralandadministrativeexpense": 115737000,
        "costsandexpenses": 784932000,
        "operatingincomeloss": 226990000,
        "interestexpense": 22669000,
        "othernonoperatingincomeexpense": 2131000,
        "incomelossfromcontinuingoperationsbeforeincometaxesextraordinaryitemsnoncontrollinginterest": 206452000,
        "incometaxexpensebenefit": 40235000,
        "netincomeloss": 166217000,
        "earningspersharebasic": 0.73,
        "earningspersharediluted": 0.72,
        "weightedaveragenumberofsharesoutstandingbasic": 229225000,
        "weightedaveragenumberofdilutedsharesoutstanding": 230381000,
        "commonstockdividendspersharecashpaid": 0.18,
        "comprehensiveincomenetoftax": 183178000
    },
    {
        "date": "2020-03-30",
        "symbol": "AME",
        "period": "Q1",
        "revenuefromcontractwithcustomerincludingassessedtax": 1202218000,
        "costofgoodsandservicessold": 824647000,
        "sellinggeneralandadministrativeexpense": 145531000,
        "costsandexpenses": 970178000,
        "operatingincomeloss": 232040000,
        "interestexpense": 22741000,
        "othernonoperatingincomeexpense": 141776000,
        "incomelossfromcontinuingoperationsbeforeincometaxesextraordinaryitemsnoncontrollinginterest": 351075000,
        "incometaxexpensebenefit": 70459000,
        "netincomeloss": 280616000,
        "earningspersharebasic": 1.23,
        "earningspersharediluted": 1.22,
        "weightedaveragenumberofsharesoutstandingbasic": 228962000,
        "weightedaveragenumberofdilutedsharesoutstanding": 230872000,
        "commonstockdividendspersharecashpaid": 0.18,
        "comprehensiveincomenetoftax": 238017000
    },
    {
        "date": "2019-12-30",
        "symbol": "AME",
        "period": "Q4",
        "revenuefromcontractwithcustomerincludingassessedtax": 1968967000,
        "costofgoodsandservicessold": 858175000,
        "sellinggeneralandadministrativeexpense": 148991000,
        "costsandexpenses": 1007166000,
        "operatingincomeloss": 297655000,
        "interestexpense": 23045000,
        "othernonoperatingincomeexpense": -6630000,
        "incomelossfromcontinuingoperationsbeforeincometaxesextraordinaryitemsnoncontrollinginterest": 267980000,
        "incometaxexpensebenefit": 47203000,
        "netincomeloss": 220777000,
        "earningspersharebasic": 0.9599999999999996,
        "earningspersharediluted": 0.9600000000000001,
        "weightedaveragenumberofsharesoutstandingbasic": -454720000,
        "weightedaveragenumberofdilutedsharesoutstanding": -458179000,
        "comprehensiveincomenetoftax": 246111000
    },
    {
        "date": "2019-09-29",
        "symbol": "AME",
        "period": "Q3",
        "revenuefromcontractwithcustomerincludingassessedtax": 1276633000,
        "costofgoodsandservicessold": 823262000,
        "sellinggeneralandadministrativeexpense": 152315000,
        "costsandexpenses": 975577000,
        "operatingincomeloss": 301056000,
        "interestexpense": 21308000,
        "othernonoperatingincomeexpense": -5517000,
        "incomelossfromcontinuingoperationsbeforeincometaxesextraordinaryitemsnoncontrollinginterest": 274231000,
        "incometaxexpensebenefit": 53482000,
        "netincomeloss": 220749000,
        "earningspersharebasic": 0.97,
        "earningspersharediluted": 0.96,
        "weightedaveragenumberofsharesoutstandingbasic": 228041000,
        "weightedaveragenumberofdilutedsharesoutstanding": 229560000,
        "commonstockdividendspersharecashpaid": 0.14,
        "comprehensiveincomenetoftax": 198102000
    },
    {
        "date": "2019-06-29",
        "symbol": "AME",
        "period": "Q2",
        "revenuefromcontractwithcustomerincludingassessedtax": 1289412000,
        "costofgoodsandservicessold": 838153000,
        "sellinggeneralandadministrativeexpense": 155849000,
        "costsandexpenses": 994002000,
        "operatingincomeloss": 295410000,
        "interestexpense": 21475000,
        "othernonoperatingincomeexpense": -3336000,
        "incomelossfromcontinuingoperationsbeforeincometaxesextraordinaryitemsnoncontrollinginterest": 270599000,
        "incometaxexpensebenefit": 55096000,
        "netincomeloss": 215503000,
        "earningspersharebasic": 0.95,
        "earningspersharediluted": 0.94,
        "weightedaveragenumberofsharesoutstandingbasic": 227577000,
        "weightedaveragenumberofdilutedsharesoutstanding": 229328000,
        "commonstockdividendspersharecashpaid": 0.14,
        "comprehensiveincomenetoftax": 219752000
    },
    {
        "date": "2019-03-30",
        "symbol": "AME",
        "period": "Q1",
        "revenuefromcontractwithcustomerincludingassessedtax": 623545000,
        "costofgoodsandservicessold": 851307000,
        "sellinggeneralandadministrativeexpense": 153125000,
        "costsandexpenses": 1004432000,
        "operatingincomeloss": 283259000,
        "interestexpense": 22653000,
        "othernonoperatingincomeexpense": -3668000,
        "incomelossfromcontinuingoperationsbeforeincometaxesextraordinaryitemsnoncontrollinginterest": 256938000,
        "incometaxexpensebenefit": 52670000,
        "netincomeloss": 204268000,
        "earningspersharebasic": 0.9,
        "earningspersharediluted": 0.89,
        "weightedaveragenumberofsharesoutstandingbasic": 226861000,
        "weightedaveragenumberofdilutedsharesoutstanding": 228686000,
        "commonstockdividendspersharecashpaid": 0.14,
        "comprehensiveincomenetoftax": 215281000
    },
    {
        "date": "2018-12-30",
        "symbol": "AME",
        "period": "Q4",
        "sellinggeneralandadministrativeexpense": 154040000,
        "costsandexpenses": 989308000,
        "operatingincomeloss": 352389000,
        "interestexpense": 20319000,
        "othernonoperatingincomeexpense": -2931000,
        "incomelossfromcontinuingoperationsbeforeincometaxesextraordinaryitemsnoncontrollinginterest": 258770000,
        "incometaxexpensebenefit": 47250000,
        "netincomeloss": 211520000,
        "earningspersharebasic": 0.9100000000000001,
        "earningspersharediluted": 0.9099999999999999,
        "weightedaveragenumberofsharesoutstandingbasic": -462859000,
        "weightedaveragenumberofdilutedsharesoutstanding": -466800000,
        "comprehensiveincomenetoftax": 116636000
    },
    {
        "date": "2018-09-29",
        "symbol": "AME",
        "period": "Q3",
        "revenuefromcontractwithcustomerincludingassessedtax": 158075000,
        "costofgoodsandservicessold": 782994000,
        "sellinggeneralandadministrativeexpense": 144702000,
        "costsandexpenses": 927696000,
        "operatingincomeloss": 265266000,
        "interestexpense": 19391000,
        "othernonoperatingincomeexpense": -945000,
        "incomelossfromcontinuingoperationsbeforeincometaxesextraordinaryitemsnoncontrollinginterest": 244930000,
        "incometaxexpensebenefit": 53717000,
        "netincomeloss": 191213000,
        "earningspersharebasic": 0.83,
        "earningspersharediluted": 0.82,
        "weightedaveragenumberofsharesoutstandingbasic": 231502000,
        "weightedaveragenumberofdilutedsharesoutstanding": 233250000,
        "commonstockdividendspersharecashpaid": 0.14,
        "comprehensiveincomenetoftax": 189089000
    },
    {
        "date": "2018-06-29",
        "symbol": "AME",
        "period": "Q2",
        "revenuefromcontractwithcustomerincludingassessedtax": 168120000,
        "costofgoodsandservicessold": 791248000,
        "sellinggeneralandadministrativeexpense": 147601000,
        "costsandexpenses": 938849000,
        "operatingincomeloss": 270086000,
        "interestexpense": 20784000,
        "othernonoperatingincomeexpense": -1081000,
        "incomelossfromcontinuingoperationsbeforeincometaxesextraordinaryitemsnoncontrollinginterest": 248221000,
        "incometaxexpensebenefit": 54361000,
        "netincomeloss": 193860000,
        "earningspersharebasic": 0.84,
        "earningspersharediluted": 0.83,
        "weightedaveragenumberofsharesoutstandingbasic": 231252000,
        "weightedaveragenumberofdilutedsharesoutstanding": 233297000,
        "commonstockdividendspersharecashpaid": 0.14,
        "comprehensiveincomenetoftax": 154538000
    },
    {
        "date": "2018-03-30",
        "symbol": "AME",
        "period": "Q1",
        "salesrevenuenet": 118143000,
        "costofgoodssold": 776800000,
        "sellinggeneralandadministrativeexpense": 137679000,
        "costsandexpenses": 914479000,
        "operatingincomeloss": 258168000,
        "interestexpense": 21686000,
        "othernonoperatingincomeexpense": -658000,
        "incomelossfromcontinuingoperationsbeforeincometaxesextraordinaryitemsnoncontrollinginterest": 235824000,
        "incometaxexpensebenefit": 54484000,
        "netincomeloss": 181340000,
        "earningspersharebasic": 0.79,
        "earningspersharediluted": 0.78,
        "weightedaveragenumberofsharesoutstandingbasic": 230928000,
        "weightedaveragenumberofdilutedsharesoutstanding": 232965000,
        "commonstockdividendspersharecashpaid": 0.14,
        "comprehensiveincomenetoftax": 195758000
    },
    {
        "date": "2017-12-30",
        "symbol": "AME",
        "period": "Q4",
        "salesrevenuenet": -943095000,
        "costofgoodssold": 767039000,
        "sellinggeneralandadministrativeexpense": 146466000,
        "costsandexpenses": 913505000,
        "operatingincomeloss": -8025000,
        "interestexpense": 24252000,
        "othernonoperatingincomeexpense": -7803000,
        "incomelossfromcontinuingoperationsbeforeincometaxesextraordinaryitemsnoncontrollinginterest": 197525000,
        "incometaxexpensebenefit": -41007000,
        "netincomeloss": 238532000,
        "earningspersharebasic": 1.0300000000000002,
        "earningspersharediluted": 1.0299999999999998,
        "weightedaveragenumberofsharesoutstandingbasic": -459916000,
        "weightedaveragenumberofdilutedsharesoutstanding": -463000000,
        "comprehensiveincomenetoftax": 272018000
    },
    {
        "date": "2017-09-29",
        "symbol": "AME",
        "period": "Q3",
        "salesrevenuenet": 1084799000,
        "costofgoodssold": 719718000,
        "sellinggeneralandadministrativeexpense": 132250000,
        "costsandexpenses": 851968000,
        "operatingincomeloss": 232831000,
        "interestexpense": 24709000,
        "othernonoperatingincomeexpense": -3695000,
        "incomelossfromcontinuingoperationsbeforeincometaxesextraordinaryitemsnoncontrollinginterest": 204427000,
        "incometaxexpensebenefit": 50896000,
        "netincomeloss": 153531000,
        "earningspersharebasic": 0.67,
        "earningspersharediluted": 0.66,
        "weightedaveragenumberofsharesoutstandingbasic": 230439000,
        "weightedaveragenumberofdilutedsharesoutstanding": 232253000,
        "commonstockdividendspersharecashpaid": 0.09,
        "comprehensiveincomenetoftax": 185167000
    },
    {
        "date": "2017-06-29",
        "symbol": "AME",
        "period": "Q2",
        "salesrevenuenet": 1064604000,
        "costofgoodssold": 699739000,
        "sellinggeneralandadministrativeexpense": 132480000,
        "costsandexpenses": 832219000,
        "operatingincomeloss": 232385000,
        "interestexpense": 24552000,
        "othernonoperatingincomeexpense": -4478000,
        "incomelossfromcontinuingoperationsbeforeincometaxesextraordinaryitemsnoncontrollinginterest": 203355000,
        "incometaxexpensebenefit": 52874000,
        "netincomeloss": 150481000,
        "earningspersharebasic": 0.65,
        "earningspersharediluted": 0.65,
        "weightedaveragenumberofsharesoutstandingbasic": 230158000,
        "weightedaveragenumberofdilutedsharesoutstanding": 231588000,
        "commonstockdividendspersharecashpaid": 0.09,
        "comprehensiveincomenetoftax": 188319000
    },
    {
        "date": "2017-03-30",
        "symbol": "AME",
        "period": "Q1",
        "salesrevenuenet": 1007682000,
        "costofgoodssold": 664935000,
        "sellinggeneralandadministrativeexpense": 122449000,
        "costsandexpenses": 787384000,
        "operatingincomeloss": 220298000,
        "interestexpense": 24516000,
        "othernonoperatingincomeexpense": -4360000,
        "incomelossfromcontinuingoperationsbeforeincometaxesextraordinaryitemsnoncontrollinginterest": 191422000,
        "incometaxexpensebenefit": 52496000,
        "netincomeloss": 138926000,
        "earningspersharebasic": 0.61,
        "earningspersharediluted": 0.6,
        "weightedaveragenumberofsharesoutstandingbasic": 229548000,
        "weightedaveragenumberofdilutedsharesoutstanding": 231004000,
        "commonstockdividendspersharecashpaid": 0.09,
        "comprehensiveincomenetoftax": 149179000
    },
    {
        "date": "2016-09-29",
        "symbol": "AME",
        "period": "Q3",
        "salesrevenuenet": 945030000,
        "costofgoodssoldexcludingdepreciationdepletionandamortization": 612702000,
        "sellinggeneralandadministrativeexpense": 113170000,
        "depreciation": 18042000,
        "costsandexpenses": 743914000,
        "operatingincomeloss": 201116000,
        "interestexpense": 23609000,
        "othernonoperatingincomeexpense": -3259000,
        "incomelossfromcontinuingoperationsbeforeincometaxesextraordinaryitemsnoncontrollinginterest": 174248000,
        "incometaxexpensebenefit": 43561000,
        "netincomeloss": 130687000,
        "earningspersharebasic": 0.56,
        "earningspersharediluted": 0.56,
        "weightedaveragenumberofsharesoutstandingbasic": 231894000,
        "weightedaveragenumberofdilutedsharesoutstanding": 232721000,
        "commonstockdividendspersharecashpaid": 0.09,
        "comprehensiveincomenetoftax": 124135000
    },
    {
        "date": "2016-06-29",
        "symbol": "AME",
        "period": "Q2",
        "salesrevenuenet": 977706000,
        "costofgoodssoldexcludingdepreciationdepletionandamortization": 621584000,
        "sellinggeneralandadministrativeexpense": 118959000,
        "depreciation": 18127000,
        "costsandexpenses": 758670000,
        "operatingincomeloss": 219036000,
        "interestexpense": 23706000,
        "othernonoperatingincomeexpense": -4769000,
        "incomelossfromcontinuingoperationsbeforeincometaxesextraordinaryitemsnoncontrollinginterest": 190561000,
        "incometaxexpensebenefit": 52368000,
        "netincomeloss": 138193000,
        "earningspersharebasic": 0.59,
        "earningspersharediluted": 0.59,
        "weightedaveragenumberofsharesoutstandingbasic": 233285000,
        "weightedaveragenumberofdilutedsharesoutstanding": 234790000,
        "commonstockdividendspersharecashpaid": 0.09,
        "comprehensiveincomenetoftax": 85409000
    },
    {
        "date": "2016-03-30",
        "symbol": "AME",
        "period": "Q1",
        "salesrevenuenet": 944398000,
        "costofgoodssoldexcludingdepreciationdepletionandamortization": 605356000,
        "sellinggeneralandadministrativeexpense": 112194000,
        "depreciation": 18325000,
        "costsandexpenses": 735875000,
        "operatingincomeloss": 208523000,
        "interestexpense": 23401000,
        "othernonoperatingincomeexpense": -2080000,
        "incomelossfromcontinuingoperationsbeforeincometaxesextraordinaryitemsnoncontrollinginterest": 183042000,
        "incometaxexpensebenefit": 48872000,
        "netincomeloss": 134170000,
        "earningspersharebasic": 0.57,
        "earningspersharediluted": 0.57,
        "weightedaveragenumberofsharesoutstandingbasic": 234983000,
        "weightedaveragenumberofdilutedsharesoutstanding": 236216000,
        "commonstockdividendspersharecashpaid": 0.09,
        "comprehensiveincomenetoftax": 169276000
    },
    {
        "date": "2015-09-29",
        "symbol": "AME",
        "period": "Q3",
        "salesrevenuenet": 998527000,
        "costofgoodssoldexcludingdepreciationdepletionandamortization": 631790000,
        "sellinggeneralandadministrativeexpense": 112116000,
        "depreciation": 17006000,
        "costsandexpenses": 760912000,
        "operatingincomeloss": 237615000,
        "interestexpense": 23684000,
        "othernonoperatingincomeexpense": -2325000,
        "incomelossfromcontinuingoperationsbeforeincometaxesextraordinaryitemsnoncontrollinginterest": 211606000,
        "incometaxexpensebenefit": 55208000,
        "netincomeloss": 156398000,
        "earningspersharebasic": 0.65,
        "earningspersharediluted": 0.65,
        "weightedaveragenumberofsharesoutstandingbasic": 239959000,
        "weightedaveragenumberofdilutedsharesoutstanding": 241238000,
        "commonstockdividendspersharecashpaid": 0.09,
        "comprehensiveincomenetoftax": 119704000
    },
    {
        "date": "2015-06-29",
        "symbol": "AME",
        "period": "Q2",
        "salesrevenuenet": 1003726000,
        "costofgoodssoldexcludingdepreciationdepletionandamortization": 633925000,
        "sellinggeneralandadministrativeexpense": 112702000,
        "depreciation": 16780000,
        "costsandexpenses": 763407000,
        "operatingincomeloss": 240319000,
        "interestexpense": 22678000,
        "othernonoperatingincomeexpense": -2493000,
        "incomelossfromcontinuingoperationsbeforeincometaxesextraordinaryitemsnoncontrollinginterest": 215148000,
        "incometaxexpensebenefit": 59635000,
        "netincomeloss": 155513000,
        "earningspersharebasic": 0.64,
        "earningspersharediluted": 0.64,
        "weightedaveragenumberofsharesoutstandingbasic": 241498000,
        "weightedaveragenumberofdilutedsharesoutstanding": 243621000,
        "commonstockdividendspersharecashpaid": 0.09,
        "comprehensiveincomenetoftax": 204690000
    },
    {
        "date": "2015-03-30",
        "symbol": "AME",
        "period": "Q1",
        "salesrevenuenet": 984059000,
        "costofgoodssoldexcludingdepreciationdepletionandamortization": 635965000,
        "sellinggeneralandadministrativeexpense": 110884000,
        "depreciation": 16258000,
        "costsandexpenses": 763107000,
        "operatingincomeloss": 220952000,
        "interestexpense": 22686000,
        "othernonoperatingincomeexpense": -1480000,
        "incomelossfromcontinuingoperationsbeforeincometaxesminorityinterestandincomelossfromequitymethodinvestments": 196786000,
        "incometaxexpensebenefit": 54679000,
        "netincomeloss": 142107000,
        "earningspersharebasic": 0.59,
        "earningspersharediluted": 0.59,
        "weightedaveragenumberofsharesoutstandingbasic": 240947000,
        "weightedaveragenumberofdilutedsharesoutstanding": 242797000,
        "commonstockdividendspersharecashpaid": 0.09,
        "comprehensiveincomenetoftax": 47305000
    },
    {
        "date": "2014-09-29",
        "symbol": "AME",
        "period": "Q3",
        "salesrevenuenet": 1031811000,
        "costofgoodssoldexcludingdepreciationdepletionandamortization": 677739000,
        "sellinggeneralandadministrativeexpense": 119205000,
        "depreciation": 16724000,
        "costsandexpenses": 813668000,
        "operatingincomeloss": 218143000,
        "interestexpense": 19543000,
        "othernonoperatingincomeexpense": -8639000,
        "incomelossfromcontinuingoperationsbeforeincometaxesminorityinterestandincomelossfromequitymethodinvestments": 189961000,
        "incometaxexpensebenefit": 48150000,
        "netincomeloss": 141811000,
        "earningspersharebasic": 0.58,
        "earningspersharediluted": 0.57,
        "weightedaveragenumberofsharesoutstandingbasic": 245439000,
        "weightedaveragenumberofdilutedsharesoutstanding": 247643000,
        "commonstockdividendspersharecashpaid": 0.09,
        "comprehensiveincomenetoftax": 58400000
    },
    {
        "date": "2014-06-29",
        "symbol": "AME",
        "period": "Q2",
        "salesrevenuenet": 990718000,
        "costofgoodssoldexcludingdepreciationdepletionandamortization": 630645000,
        "sellinggeneralandadministrativeexpense": 113316000,
        "depreciation": 15029000,
        "costsandexpenses": 758990000,
        "operatingincomeloss": 231728000,
        "interestexpense": 18981000,
        "othernonoperatingincomeexpense": -4326000,
        "incomelossfromcontinuingoperationsbeforeincometaxesminorityinterestandincomelossfromequitymethodinvestments": 208421000,
        "incometaxexpensebenefit": 58358000,
        "netincomeloss": 150063000,
        "earningspersharebasic": 0.61,
        "earningspersharediluted": 0.61,
        "weightedaveragenumberofsharesoutstandingbasic": 245201000,
        "weightedaveragenumberofdilutedsharesoutstanding": 247403000,
        "commonstockdividendspersharecashpaid": 0.09,
        "comprehensiveincomenetoftax": 157529000
    },
    {
        "date": "2014-03-30",
        "symbol": "AME",
        "period": "Q1",
        "salesrevenuenet": 975292000,
        "costofgoodssoldexcludingdepreciationdepletionandamortization": 625170000,
        "sellinggeneralandadministrativeexpense": 112625000,
        "depreciation": 15866000,
        "costsandexpenses": 753661000,
        "operatingincomeloss": 221631000,
        "interestexpense": 18838000,
        "othernonoperatingincomeexpense": -3877000,
        "incomelossfromcontinuingoperationsbeforeincometaxesminorityinterestandincomelossfromequitymethodinvestments": 198916000,
        "incometaxexpensebenefit": 58330000,
        "netincomeloss": 140586000,
        "earningspersharebasic": 0.57,
        "earningspersharediluted": 0.57,
        "weightedaveragenumberofsharesoutstandingbasic": 244911000,
        "weightedaveragenumberofdilutedsharesoutstanding": 247229000,
        "commonstockdividendspersharecashpaid": 0.06,
        "comprehensiveincomenetoftax": 140299000
    },
    {
        "date": "2013-09-29",
        "symbol": "AME",
        "period": "Q3",
        "salesrevenuenet": 890006000,
        "costofgoodssoldexcludingdepreciationdepletionandamortization": 572125000,
        "sellinggeneralandadministrativeexpense": 98969000,
        "depreciation": 14226000,
        "costsandexpenses": 685320000,
        "operatingincomeloss": 204686000,
        "interestexpense": 18243000,
        "othernonoperatingincomeexpense": -6291000,
        "incomelossfromcontinuingoperationsbeforeincometaxesminorityinterestandincomelossfromequitymethodinvestments": 180152000,
        "incometaxexpensebenefit": 52288000,
        "netincomeloss": 127864000,
        "earningspersharebasic": 0.52,
        "earningspersharediluted": 0.52,
        "weightedaveragenumberofsharesoutstandingbasic": 244049000,
        "weightedaveragenumberofdilutedsharesoutstanding": 245930000,
        "commonstockdividendspersharecashpaid": 0.06,
        "comprehensiveincomenetoftax": 171760000
    },
    {
        "date": "2013-06-29",
        "symbol": "AME",
        "period": "Q2",
        "salesrevenuenet": 878809000,
        "costofsalesexcludingdepreciation": 567598000,
        "sellinggeneralandadministrativeexpense": 94912000,
        "depreciation": 13686000,
        "costsandexpenses": 676196000,
        "operatingincomeloss": 202613000,
        "interestexpense": 18154000,
        "othernonoperatingincomeexpense": -2667000,
        "incomelossfromcontinuingoperationsbeforeincometaxesminorityinterestandincomelossfromequitymethodinvestments": 181792000,
        "incometaxexpensebenefit": 53471000,
        "netincomeloss": 128321000,
        "earningspersharebasic": 0.53,
        "earningspersharediluted": 0.52,
        "weightedaveragenumberofsharesoutstandingbasic": 243666000,
        "weightedaveragenumberofdilutedsharesoutstanding": 246104000,
        "commonstockdividendspersharecashpaid": 0.06,
        "comprehensiveincomenetoftax": 136720000
    },
    {
        "date": "2013-03-30",
        "symbol": "AME",
        "period": "Q1",
        "salesrevenuenet": 882853000,
        "costofsalesexcludingdepreciation": 574074000,
        "sellinggeneralandadministrativeexpense": 97608000,
        "depreciation": 13936000,
        "costsandexpenses": 685618000,
        "operatingincomeloss": 197235000,
        "interestexpense": 18323000,
        "othernonoperatingincomeexpense": -2524000,
        "incomelossfromcontinuingoperationsbeforeincometaxesminorityinterestandincomelossfromequitymethodinvestments": 176388000,
        "incometaxexpensebenefit": 51242000,
        "netincomeloss": 125146000,
        "earningspersharebasic": 0.51,
        "earningspersharediluted": 0.51,
        "weightedaveragenumberofsharesoutstandingbasic": 243285000,
        "weightedaveragenumberofdilutedsharesoutstanding": 245411000,
        "commonstockdividendspersharecashpaid": 0.06,
        "comprehensiveincomenetoftax": 93257000
    },
    {
        "date": "2012-09-29",
        "symbol": "AME",
        "period": "Q3",
        "salesrevenuenet": 839373000,
        "costofsalesexcludingdepreciation": 541454000,
        "sellinggeneralandadministrativeexpense": 96021000,
        "depreciation": 13734000,
        "costsandexpenses": 651209000,
        "operatingincomeloss": 188164000,
        "interestexpense": 18958000,
        "othernonoperatingincomeexpense": -3518000,
        "incomelossfromcontinuingoperationsbeforeincometaxesminorityinterestandincomelossfromequitymethodinvestments": 165688000,
        "incometaxexpensebenefit": 50291000,
        "netincomeloss": 115397000,
        "earningspersharebasic": 0.48,
        "earningspersharediluted": 0.47,
        "weightedaveragenumberofsharesoutstandingbasic": 242138000,
        "weightedaveragenumberofdilutedsharesoutstanding": 244229000,
        "commonstockdividendspersharecashpaid": 0.06,
        "comprehensiveincomenetoftax": 135062000
    },
    {
        "date": "2012-06-29",
        "symbol": "AME",
        "period": "Q2",
        "salesrevenuenet": 825898000,
        "costofsalesexcludingdepreciation": 531753000,
        "sellinggeneralandadministrativeexpense": 95646000,
        "depreciation": 13521000,
        "costsandexpenses": 640920000,
        "operatingincomeloss": 184978000,
        "interestexpense": 18843000,
        "othernonoperatingincomeexpense": -1848000,
        "incomelossfromcontinuingoperationsbeforeincometaxesminorityinterestandincomelossfromequitymethodinvestments": 164287000,
        "incometaxexpensebenefit": 50600000,
        "netincomeloss": 113687000,
        "earningspersharebasic": 0.47,
        "earningspersharediluted": 0.47,
        "weightedaveragenumberofsharesoutstandingbasic": 241168000,
        "weightedaveragenumberofdilutedsharesoutstanding": 243121000,
        "commonstockdividendspersharecashpaid": 0.06,
        "comprehensiveincomenetoftax": 88583000
    },
    {
        "date": "2012-03-30",
        "symbol": "AME",
        "period": "Q1",
        "salesrevenuenet": 827152000,
        "costofsalesexcludingdepreciation": 536283000,
        "sellinggeneralandadministrativeexpense": 95036000,
        "depreciation": 13057000,
        "costsandexpenses": 644376000,
        "operatingincomeloss": 182776000,
        "interestexpense": 18837000,
        "othernonoperatingincomeexpense": -2240000,
        "incomelossfromcontinuingoperationsbeforeincometaxesminorityinterestandincomelossfromequitymethodinvestments": 161699000,
        "incometaxexpensebenefit": 51549000,
        "netincomeloss": 110150000,
        "earningspersharebasic": 0.69,
        "earningspersharediluted": 0.68,
        "weightedaveragenumberofsharesoutstandingbasic": 160124000,
        "weightedaveragenumberofdilutedsharesoutstanding": 162205000,
        "commonstockdividendspersharecashpaid": 0.06,
        "comprehensiveincomenetoftax": 131567000
    },
    {
        "date": "2011-09-29",
        "symbol": "AME",
        "period": "Q3",
        "salesrevenuenet": 750546000,
        "costofsalesexcludingdepreciation": 493266000,
        "sellinggeneralandadministrativeexpense": 86019000,
        "depreciation": 11675000,
        "costsandexpenses": 590960000,
        "operatingincomeloss": 159586000,
        "interestexpense": 17256000,
        "othernonoperatingincomeexpense": -3287000,
        "incomelossfromcontinuingoperationsbeforeincometaxesminorityinterestandincomelossfromequitymethodinvestments": 139043000,
        "incometaxexpensebenefit": 41065000,
        "netincomeloss": 97978000,
        "earningspersharebasic": 0.61,
        "earningspersharediluted": 0.6,
        "weightedaveragenumberofsharesoutstandingbasic": 160924000,
        "weightedaveragenumberofdilutedsharesoutstanding": 162514000,
        "commonstockdividendspersharecashpaid": 0.06
    },
    {
        "date": "2011-06-29",
        "symbol": "AME",
        "period": "Q2",
        "salesrevenuenet": 758834000,
        "costofsalesexcludingdepreciation": 499956000,
        "sellinggeneralandadministrativeexpense": 89685000,
        "depreciation": 12238000,
        "costsandexpenses": 601879000,
        "operatingincomeloss": 156955000,
        "interestexpense": 17339000,
        "othernonoperatingincomeexpense": -2381000,
        "incomelossfromcontinuingoperationsbeforeincometaxesminorityinterestandincomelossfromequitymethodinvestments": 137235000,
        "incometaxexpensebenefit": 43091000,
        "netincomeloss": 94144000,
        "earningspersharebasic": 0.59,
        "earningspersharediluted": 0.58,
        "weightedaveragenumberofsharesoutstandingbasic": 160406000,
        "weightedaveragenumberofdilutedsharesoutstanding": 162215000,
        "commonstockdividendspersharecashpaid": 0.06
    },
    {
        "date": "2011-03-30",
        "symbol": "AME",
        "period": "Q1",
        "salesrevenuenet": 717783000,
        "costofsalesexcludingdepreciation": 472804000,
        "sellinggeneralandadministrativeexpense": 81492000,
        "depreciation": 11467000,
        "costsandexpenses": 565763000,
        "operatingincomeloss": 152020000,
        "interestexpense": 17150000,
        "othernonoperatingincomeexpense": -1485000,
        "incomelossfromcontinuingoperationsbeforeincometaxesminorityinterestandincomelossfromequitymethodinvestments": 133385000,
        "incometaxexpensebenefit": 42950000,
        "netincomeloss": 90435000,
        "earningspersharebasic": 0.57,
        "earningspersharediluted": 0.56,
        "weightedaveragenumberofsharesoutstandingbasic": 159728000,
        "weightedaveragenumberofdilutedsharesoutstanding": 162186000,
        "commonstockdividendspersharecashpaid": 0.06
    },
    {
        "date": "2010-09-29",
        "symbol": "AME",
        "period": "Q3",
        "salesrevenuenet": 644374000,
        "costofsalesexcludingdepreciation": 429075000,
        "sellinggeneralandadministrativeexpense": 75869000,
        "depreciation": 10837000,
        "costsandexpenses": 515781000,
        "operatingincomeloss": 128593000,
        "interestexpense": 17057000,
        "othernonoperatingincomeexpense": -2721000,
        "incomelossfromcontinuingoperationsbeforeincometaxesminorityinterestandincomelossfromequitymethodinvestments": 108815000,
        "incometaxexpensebenefit": 31458000,
        "netincomeloss": 77357000,
        "earningspersharebasic": 0.73,
        "earningspersharediluted": 0.72,
        "weightedaveragenumberofsharesoutstandingbasic": 105763000,
        "weightedaveragenumberofdilutedsharesoutstanding": 107148000,
        "commonstockdividendspersharecashpaid": 0.06
    },
    {
        "date": "2010-06-29",
        "symbol": "AME",
        "period": "Q2",
        "salesrevenuenet": 591941000,
        "costofsalesexcludingdepreciation": 395499000,
        "sellinggeneralandadministrativeexpense": 69849000,
        "depreciation": 10998000,
        "costsandexpenses": 476346000,
        "operatingincomeloss": 115595000,
        "interestexpense": 16730000,
        "othernonoperatingincomeexpense": -1621000,
        "incomelossfromcontinuingoperationsbeforeincometaxesminorityinterestandincomelossfromequitymethodinvestments": 97244000,
        "incometaxexpensebenefit": 29853000,
        "netincomeloss": 67391000,
        "earningspersharebasic": 0.64,
        "earningspersharediluted": 0.63,
        "weightedaveragenumberofsharesoutstandingbasic": 105667000,
        "weightedaveragenumberofdilutedsharesoutstanding": 106669000,
        "commonstockdividendspersharecashpaid": 0.06
    },
    {
        "date": "2010-03-30",
        "symbol": "AME",
        "period": "Q1",
        "salesrevenuenet": 556662000,
        "costofsalesexcludingdepreciation": 375724000,
        "sellinggeneralandadministrativeexpense": 67543000,
        "depreciation": 10949000,
        "costsandexpenses": 454216000,
        "operatingincomeloss": 102446000,
        "interestexpense": 16754000,
        "othernonoperatingincomeexpense": -515000,
        "incomelossfromcontinuingoperationsbeforeincometaxesminorityinterestandincomelossfromequitymethodinvestments": 85177000,
        "incometaxexpensebenefit": 27232000,
        "netincomeloss": 57945000,
        "earningspersharebasic": 0.54,
        "earningspersharediluted": 0.54,
        "weightedaveragenumberofsharesoutstandingbasic": 106619000,
        "weightedaveragenumberofdilutedsharesoutstanding": 107570000,
        "commonstockdividendspersharecashpaid": 0.06
    },
    {
        "date": "2009-09-29",
        "symbol": "AME",
        "period": "Q3",
        "salesrevenuenet": 497060000,
        "costofsalesexcludingdepreciation": 344658000,
        "sellinggeneralandadministrativeexpense": 63858000,
        "depreciation": 11069000,
        "costsandexpenses": 419585000,
        "operatingincomeloss": 77475000,
        "interestexpense": 17380000,
        "othernonoperatingincomeexpense": -702000,
        "incomelossfromcontinuingoperationsbeforeincometaxesminorityinterestandincomelossfromequitymethodinvestments": 59393000,
        "incometaxexpensebenefit": 16375000,
        "netincomeloss": 43018000,
        "earningspersharebasic": 0.4,
        "earningspersharediluted": 0.4,
        "weightedaveragenumberofsharesoutstandingbasic": 106862000,
        "weightedaveragenumberofdilutedsharesoutstanding": 107748000,
        "commonstockdividendspersharecashpaid": 0.06
    },
    {
        "date": "2009-06-29",
        "symbol": "AME",
        "period": "Q2",
        "salesrevenuenet": 524929000,
        "costofsalesexcludingdepreciation": 361578000,
        "sellinggeneralandadministrativeexpense": 61017000,
        "depreciation": 9154000,
        "costsandexpenses": 431749000,
        "operatingincomeloss": 93180000,
        "interestexpense": 17141000,
        "othernonoperatingincomeexpense": -1001000,
        "incomelossfromcontinuingoperationsbeforeincometaxesminorityinterestandincomelossfromequitymethodinvestments": 75038000,
        "incometaxexpensebenefit": 23225000,
        "netincomeloss": 51813000,
        "earningspersharebasic": 0.49,
        "earningspersharediluted": 0.48,
        "weightedaveragenumberofsharesoutstandingbasic": 106708000,
        "weightedaveragenumberofdilutedsharesoutstanding": 107955000,
        "commonstockdividendspersharecashpaid": 0.06
    }
]