[
    {
        "date": "2024-09-29",
        "symbol": "AZPN",
        "period": "Q1",
        "revenuefromcontractwithcustomerincludingassessedtax": 215877000,
        "costofrevenue": 95447000,
        "grossprofit": 120430000,
        "sellingandmarketingexpense": 125661000,
        "researchanddevelopmentexpensesoftwareexcludingacquiredinprocesscost": 50000000,
        "generalandadministrativeexpense": 33008000,
        "restructuringcosts": 7700000,
        "operatingexpenses": 216395000,
        "operatingincomeloss": -95965000,
        "othernonoperatingincomeexpense": 2041000,
        "interestandotherincome": 17176000,
        "incomelossfromcontinuingoperationsbeforeincometaxesextraordinaryitemsnoncontrollinginterest": -76748000,
        "incometaxexpensebenefit": -16300000,
        "netincomeloss": -60464000,
        "earningspersharebasic": -0.96,
        "earningspersharediluted": -0.96,
        "weightedaveragenumberofsharesoutstandingbasic": 63244000,
        "weightedaveragenumberofdilutedsharesoutstanding": 63244000,
        "othercomprehensiveincomeforeigncurrencytransactionandtranslationadjustmentnetoftaxportionattributabletoparent": 5202000,
        "othercomprehensiveincomelossnetoftaxportionattributabletoparent": 5202000,
        "comprehensiveincomenetoftax": -55262000
    },
    {
        "date": "2024-06-29",
        "symbol": "AZPN",
        "period": "Q4",
        "revenuefromcontractwithcustomerincludingassessedtax": 656904000,
        "costofrevenue": 178122000,
        "grossprofit": 246264000,
        "sellingandmarketingexpense": 124846000,
        "researchanddevelopmentexpensesoftwareexcludingacquiredinprocesscost": 49959000,
        "generalandadministrativeexpense": 32251000,
        "operatingexpenses": 207056000,
        "operatingincomeloss": 39208000,
        "interestandotherincome": 461000,
        "incomelossfromcontinuingoperationsbeforeincometaxesextraordinaryitemsnoncontrollinginterest": 52875000,
        "incometaxexpensebenefit": 8177000,
        "netincomeloss": 44698000,
        "earningspersharebasic": 0.7100000000000001,
        "earningspersharediluted": 0.7100000000000001,
        "weightedaveragenumberofsharesoutstandingbasic": 63711000,
        "weightedaveragenumberofdilutedsharesoutstanding": 63711000,
        "othercomprehensiveincomeforeigncurrencytransactionandtranslationadjustmentnetoftaxportionattributabletoparent": -3328000,
        "othercomprehensiveincomelossnetoftaxportionattributabletoparent": -2262000,
        "comprehensiveincomenetoftax": 42436000
    },
    {
        "date": "2024-03-30",
        "symbol": "AZPN",
        "period": "Q3",
        "revenuefromcontractwithcustomerincludingassessedtax": 169467000,
        "costofrevenue": 65550000,
        "grossprofit": 185164000,
        "sellingandmarketingexpense": 121303000,
        "researchanddevelopmentexpensesoftwareexcludingacquiredinprocesscost": 49334000,
        "generalandadministrativeexpense": 33821000,
        "operatingexpenses": 204458000,
        "operatingincomeloss": -19294000,
        "interestandotherincome": 1988000,
        "othernonoperatingincomeexpense": 13723000,
        "incomelossfromcontinuingoperationsbeforeincometaxesextraordinaryitemsnoncontrollinginterest": -7559000,
        "incometaxexpensebenefit": -9115000,
        "netincomeloss": 1556000,
        "earningspersharebasic": 0.02,
        "earningspersharediluted": 0.02,
        "weightedaveragenumberofsharesoutstandingbasic": 63508000,
        "weightedaveragenumberofdilutedsharesoutstanding": 63802000,
        "othercomprehensiveincomeforeigncurrencytransactionandtranslationadjustmentnetoftaxportionattributabletoparent": -1104000,
        "othercomprehensiveincomelossnetoftaxportionattributabletoparent": -1104000,
        "comprehensiveincomenetoftax": 452000
    },
    {
        "date": "2023-12-30",
        "symbol": "AZPN",
        "period": "Q2",
        "revenuefromcontractwithcustomerincludingassessedtax": 152463000,
        "costofrevenue": 67326000,
        "grossprofit": 162230000,
        "sellingandmarketingexpense": 122240000,
        "researchanddevelopmentexpensesoftwareexcludingacquiredinprocesscost": 53145000,
        "generalandadministrativeexpense": 36088000,
        "operatingexpenses": 211473000,
        "operatingincomeloss": -49243000,
        "interestandotherincome": 199000,
        "othernonoperatingincomeexpense": 12283000,
        "incomelossfromcontinuingoperationsbeforeincometaxesextraordinaryitemsnoncontrollinginterest": -37159000,
        "incometaxexpensebenefit": -15659000,
        "netincomeloss": -21500000,
        "earningspersharebasic": -0.34,
        "earningspersharediluted": -0.34,
        "weightedaveragenumberofsharesoutstandingbasic": 63699000,
        "weightedaveragenumberofdilutedsharesoutstanding": 63699000,
        "othercomprehensiveincomeforeigncurrencytransactionandtranslationadjustmentnetoftaxportionattributabletoparent": 4870000,
        "othercomprehensiveincomelossnetoftaxportionattributabletoparent": 4870000,
        "comprehensiveincomenetoftax": -16630000
    },
    {
        "date": "2023-09-29",
        "symbol": "AZPN",
        "period": "Q1",
        "revenuefromcontractwithcustomerincludingassessedtax": 148648000,
        "costofrevenue": 71578000,
        "grossprofit": 151248000,
        "sellingandmarketingexpense": 122378000,
        "researchanddevelopmentexpensesoftwareexcludingacquiredinprocesscost": 53676000,
        "generalandadministrativeexpense": 35405000,
        "operatingexpenses": 211459000,
        "operatingincomeloss": -60211000,
        "interestandotherincome": 5830000,
        "othernonoperatingincomeexpense": 14049000,
        "incomelossfromcontinuingoperationsbeforeincometaxesextraordinaryitemsnoncontrollinginterest": -51992000,
        "incometaxexpensebenefit": -17467000,
        "netincomeloss": -34525000,
        "earningspersharebasic": -0.54,
        "earningspersharediluted": -0.54,
        "weightedaveragenumberofsharesoutstandingbasic": 64319000,
        "weightedaveragenumberofdilutedsharesoutstanding": 64319000,
        "othercomprehensiveincomeforeigncurrencytransactionandtranslationadjustmentnetoftaxportionattributabletoparent": -11201000,
        "othercomprehensiveincomelossnetoftaxportionattributabletoparent": -11201000,
        "comprehensiveincomenetoftax": -45726000
    },
    {
        "date": "2023-06-29",
        "symbol": "AZPN",
        "period": "FY",
        "revenuefromcontractwithcustomerincludingassessedtax": 1044178000,
        "costofrevenue": 373589000,
        "grossprofit": 670589000,
        "sellingandmarketingexpense": 482656000,
        "researchanddevelopmentexpensesoftwareexcludingacquiredinprocesscost": 209347000,
        "generalandadministrativeexpense": 161651000,
        "operatingexpenses": 853654000,
        "operatingincomeloss": -183065000,
        "interestandotherincome": 29418000,
        "interestincomeexpensenet": 31917000,
        "incomelossfromcontinuingoperationsbeforeincometaxesextraordinaryitemsnoncontrollinginterest": -180566000,
        "incometaxexpensebenefit": -72806000,
        "netincomeloss": -107760000,
        "earningspersharebasic": -1.67,
        "earningspersharediluted": -1.67,
        "weightedaveragenumberofsharesoutstandingbasic": 64621000,
        "weightedaveragenumberofdilutedsharesoutstanding": 64621000,
        "revenuefromcontractwithcustomerexcludingassessedtax": 387800000,
        "othercomprehensiveincomeforeigncurrencytransactionandtranslationadjustmentnetoftaxportionattributabletoparent": 7548000,
        "othercomprehensiveincomelosspensionandotherpostretirementbenefitplanstax": 146000,
        "othercomprehensiveincomelosspensionandotherpostretirementbenefitplansadjustmentnetoftax": -524000,
        "othercomprehensiveincomelossnetoftaxportionattributabletoparent": 7024000,
        "comprehensiveincomenetoftax": -100736000
    },
    {
        "date": "2023-03-30",
        "symbol": "AZPN",
        "period": "Q2",
        "revenuefromcontractwithcustomerincludingassessedtax": 136292000,
        "costofrevenue": 68980000,
        "grossprofit": 136079000,
        "sellingandmarketingexpense": 120035000,
        "researchanddevelopmentexpensesoftwareexcludingacquiredinprocesscost": 54046000,
        "generalandadministrativeexpense": 40471000,
        "operatingexpenses": 214552000,
        "operatingincomeloss": -78473000,
        "othernonoperatingincomeexpense": -13281000,
        "interestincomeexpensenet": 9969000,
        "incomelossfromcontinuingoperationsbeforeincometaxesextraordinaryitemsnoncontrollinginterest": -81785000,
        "incometaxexpensebenefit": -24150000,
        "netincomeloss": -57635000,
        "earningspersharebasic": -0.89,
        "earningspersharediluted": -0.89,
        "weightedaveragenumberofsharesoutstandingbasic": 64796000,
        "weightedaveragenumberofdilutedsharesoutstanding": 64796000,
        "othercomprehensiveincomeforeigncurrencytransactionandtranslationadjustmentnetoftaxportionattributabletoparent": 5845000,
        "othercomprehensiveincomelossnetoftaxportionattributabletoparent": 5845000,
        "comprehensiveincomenetoftax": -51790000
    },
    {
        "date": "2022-12-30",
        "symbol": "AZPN",
        "period": "Q1",
        "revenuefromcontractwithcustomerincludingassessedtax": 149843000,
        "costofrevenue": 70833000,
        "grossprofit": 149740000,
        "sellingandmarketingexpense": 117951000,
        "researchanddevelopmentexpensesoftwareexcludingacquiredinprocesscost": 49954000,
        "generalandadministrativeexpense": 41230000,
        "operatingexpenses": 209135000,
        "operatingincomeloss": -59395000,
        "othernonoperatingincomeexpense": 38643000,
        "interestincomeexpensenet": 4120000,
        "incomelossfromcontinuingoperationsbeforeincometaxesextraordinaryitemsnoncontrollinginterest": -16632000,
        "incometaxexpensebenefit": 49565000,
        "netincomeloss": -66197000,
        "earningspersharebasic": -1.02,
        "earningspersharediluted": -1.02,
        "weightedaveragenumberofsharesoutstandingbasic": 64621000,
        "weightedaveragenumberofdilutedsharesoutstanding": 64621000,
        "othercomprehensiveincomeforeigncurrencytransactionandtranslationadjustmentnetoftaxportionattributabletoparent": 6710000,
        "othercomprehensiveincomelossnetoftaxportionattributabletoparent": 6710000,
        "comprehensiveincomenetoftax": -59487000
    },
    {
        "date": "2022-09-29",
        "symbol": "AZPN",
        "period": "Q4",
        "revenuefromcontractwithcustomerincludingassessedtax": 300000,
        "costofrevenue": 91130000,
        "grossprofit": 159689000,
        "sellingandmarketingexpense": 118274000,
        "researchanddevelopmentexpensesoftwareexcludingacquiredinprocesscost": 49740000,
        "generalandadministrativeexpense": 42848000,
        "restructuringcosts": 9000,
        "operatingexpenses": 210871000,
        "operatingincomeloss": -51182000,
        "interestandotherincome": 5023000,
        "othernonoperatingincomeexpense": -58632000,
        "incomelossfromcontinuingoperationsbeforeincometaxesextraordinaryitemsnoncontrollinginterest": -104791000,
        "incometaxexpensebenefit": -93547000,
        "netincomeloss": -200000,
        "earningspersharebasic": -0.17,
        "earningspersharediluted": -0.17,
        "weightedaveragenumberofsharesoutstandingbasic": 64454000,
        "weightedaveragenumberofdilutedsharesoutstanding": 64454000,
        "othercomprehensiveincomeforeigncurrencytransactionandtranslationadjustmentnetoftaxportionattributabletoparent": -8865000,
        "othercomprehensiveincomelossnetoftaxportionattributabletoparent": -8865000,
        "comprehensiveincomenetoftax": -20109000
    },
    {
        "date": "2022-03-30",
        "symbol": "AZPN",
        "period": "Q2",
        "weightedaveragenumberofsharesoutstandingbasic": 1000,
        "weightedaveragenumberofdilutedsharesoutstanding": 1000
    }
]