[
    {
        "date": "2024-09-29",
        "symbol": "VRSN",
        "period": "Q3",
        "revenues": 390600000,
        "costofrevenue": 46800000,
        "researchanddevelopmentexpense": 23200000,
        "sellinggeneralandadministrativeexpense": 51300000,
        "costsandexpenses": 121300000,
        "operatingincomeloss": 269300000,
        "interestexpense": 18900000,
        "nonoperatinggainslosses": 10500000,
        "incomelossfromcontinuingoperationsbeforeincometaxesextraordinaryitemsnoncontrollinginterest": 260900000,
        "incometaxexpensebenefit": 59600000,
        "netincomeloss": 201300000,
        "othercomprehensiveincomelossnetoftax": 400000,
        "comprehensiveincomenetoftax": 201700000,
        "incomelossfromcontinuingoperationsperbasicshare": 2.07,
        "incomelossfromcontinuingoperationsperdilutedshare": 2.07,
        "weightedaveragenumberofsharesoutstandingbasic": 97300000,
        "weightedaveragenumberofdilutedsharesoutstanding": 97300000
    },
    {
        "date": "2023-12-30",
        "symbol": "VRSN",
        "period": "Q4",
        "revenues": 380400000,
        "costofrevenue": 48500000,
        "researchanddevelopmentexpense": 22900000,
        "sellinggeneralandadministrativeexpense": 52700000,
        "costsandexpenses": 124100000,
        "operatingincomeloss": 256300000,
        "interestexpense": 18800000,
        "nonoperatinggainslosses": 14100000,
        "incomelossfromcontinuingoperationsbeforeincometaxesextraordinaryitemsnoncontrollinginterest": 251600000,
        "incometaxexpensebenefit": -13100000,
        "incomelossfromcontinuingoperationsperbasicshare": 2.59,
        "incomelossfromcontinuingoperationsperdilutedshare": 2.58,
        "weightedaveragenumberofsharesoutstandingbasic": 103400000,
        "weightedaveragenumberofdilutedsharesoutstanding": 103500000
    },
    {
        "date": "2023-09-29",
        "symbol": "VRSN",
        "period": "Q3",
        "revenues": 376300000,
        "costofrevenue": 48600000,
        "researchanddevelopmentexpense": 21700000,
        "sellinggeneralandadministrativeexpense": 51700000,
        "costsandexpenses": 122000000,
        "operatingincomeloss": 254300000,
        "interestexpense": 18800000,
        "nonoperatinggainslosses": 13100000,
        "incomelossfromcontinuingoperationsbeforeincometaxesextraordinaryitemsnoncontrollinginterest": 248600000,
        "incometaxexpensebenefit": 60100000,
        "netincomeloss": 188500000,
        "othercomprehensiveincomelossnetoftax": 400000,
        "comprehensiveincomenetoftax": 188900000,
        "incomelossfromcontinuingoperationsperbasicshare": 1.83,
        "incomelossfromcontinuingoperationsperdilutedshare": 1.83,
        "weightedaveragenumberofsharesoutstandingbasic": 102900000,
        "weightedaveragenumberofdilutedsharesoutstanding": 103000000
    },
    {
        "date": "2023-06-29",
        "symbol": "VRSN",
        "period": "Q2",
        "revenues": 372000000,
        "costofrevenue": 50300000,
        "researchanddevelopmentexpense": 22200000,
        "sellinggeneralandadministrativeexpense": 50800000,
        "costsandexpenses": 123300000,
        "operatingincomeloss": 248700000,
        "interestexpense": 18900000,
        "nonoperatinggainslosses": 12700000,
        "incomelossfromcontinuingoperationsbeforeincometaxesextraordinaryitemsnoncontrollinginterest": 242500000,
        "incometaxexpensebenefit": 56800000,
        "netincomeloss": 185700000,
        "othercomprehensiveincomelossnetoftax": -700000,
        "comprehensiveincomenetoftax": 185000000,
        "incomelossfromcontinuingoperationsperbasicshare": 1.79,
        "incomelossfromcontinuingoperationsperdilutedshare": 1.79,
        "weightedaveragenumberofsharesoutstandingbasic": 103900000,
        "weightedaveragenumberofdilutedsharesoutstanding": 104000000
    },
    {
        "date": "2023-03-30",
        "symbol": "VRSN",
        "period": "Q1",
        "revenues": 364400000,
        "costofrevenue": 49900000,
        "researchanddevelopmentexpense": 24200000,
        "sellinggeneralandadministrativeexpense": 49000000,
        "costsandexpenses": 123100000,
        "operatingincomeloss": 241300000,
        "interestexpense": 18800000,
        "nonoperatinggainslosses": 11300000,
        "incomelossfromcontinuingoperationsbeforeincometaxesextraordinaryitemsnoncontrollinginterest": 233800000,
        "incometaxexpensebenefit": 55100000,
        "netincomeloss": 178700000,
        "comprehensiveincomenetoftax": 178700000,
        "incomelossfromcontinuingoperationsperbasicshare": 1.7,
        "incomelossfromcontinuingoperationsperdilutedshare": 1.7,
        "weightedaveragenumberofsharesoutstandingbasic": 104900000,
        "weightedaveragenumberofdilutedsharesoutstanding": 105000000
    },
    {
        "date": "2022-12-30",
        "symbol": "VRSN",
        "period": "Q4",
        "revenues": 369200000,
        "costofrevenue": 50500000,
        "researchanddevelopmentexpense": 21500000,
        "sellinggeneralandadministrativeexpense": 51700000,
        "costsandexpenses": 123700000,
        "operatingincomeloss": 245500000,
        "interestexpense": 18800000,
        "nonoperatinggainslosses": 5600000,
        "incomelossfromcontinuingoperationsbeforeincometaxesextraordinaryitemsnoncontrollinginterest": 232300000,
        "incometaxexpensebenefit": 52800000,
        "othercomprehensiveincomelossnetoftax": 0,
        "weightedaveragenumberofsharesoutstandingbasic": -218200000,
        "weightedaveragenumberofdilutedsharesoutstanding": -218200000
    },
    {
        "date": "2022-09-29",
        "symbol": "VRSN",
        "period": "Q3",
        "revenues": 356900000,
        "costofrevenue": 50000000,
        "researchanddevelopmentexpense": 21000000,
        "sellinggeneralandadministrativeexpense": 49100000,
        "costsandexpenses": 120100000,
        "operatingincomeloss": 236800000,
        "interestexpense": 18800000,
        "nonoperatinggainslosses": 4900000,
        "incomelossfromcontinuingoperationsbeforeincometaxesextraordinaryitemsnoncontrollinginterest": 222900000,
        "incometaxexpensebenefit": 53400000,
        "netincomeloss": 169500000,
        "othercomprehensiveincomelossnetoftax": 200000,
        "comprehensiveincomenetoftax": 169700000,
        "incomelossfromcontinuingoperationsperbasicshare": 1.58,
        "incomelossfromcontinuingoperationsperdilutedshare": 1.58,
        "weightedaveragenumberofsharesoutstandingbasic": 107100000,
        "weightedaveragenumberofdilutedsharesoutstanding": 107100000
    },
    {
        "date": "2022-06-29",
        "symbol": "VRSN",
        "period": "Q2",
        "revenues": 351900000,
        "costofrevenue": 49500000,
        "researchanddevelopmentexpense": 20300000,
        "sellinggeneralandadministrativeexpense": 46100000,
        "costsandexpenses": 115900000,
        "operatingincomeloss": 236000000,
        "interestexpense": 18900000,
        "nonoperatinggainslosses": 1600000,
        "incomelossfromcontinuingoperationsbeforeincometaxesextraordinaryitemsnoncontrollinginterest": 218700000,
        "incometaxexpensebenefit": 51400000,
        "netincomeloss": 167300000,
        "othercomprehensiveincomelossnetoftax": 100000,
        "comprehensiveincomenetoftax": 167400000,
        "incomelossfromcontinuingoperationsperbasicshare": 1.54,
        "incomelossfromcontinuingoperationsperdilutedshare": 1.54,
        "weightedaveragenumberofsharesoutstandingbasic": 108800000,
        "weightedaveragenumberofdilutedsharesoutstanding": 108800000
    },
    {
        "date": "2022-03-30",
        "symbol": "VRSN",
        "period": "Q1",
        "revenues": 346900000,
        "costofrevenue": 50700000,
        "researchanddevelopmentexpense": 22900000,
        "sellinggeneralandadministrativeexpense": 48500000,
        "costsandexpenses": 122100000,
        "operatingincomeloss": 224800000,
        "interestexpense": 18800000,
        "nonoperatinggainslosses": 300000,
        "incomelossfromcontinuingoperationsbeforeincometaxesextraordinaryitemsnoncontrollinginterest": 206300000,
        "incometaxexpensebenefit": 48800000,
        "netincomeloss": 157500000,
        "othercomprehensiveincomelossnetoftax": -200000,
        "comprehensiveincomenetoftax": 157300000,
        "incomelossfromcontinuingoperationsperbasicshare": 1.43,
        "incomelossfromcontinuingoperationsperdilutedshare": 1.43,
        "weightedaveragenumberofsharesoutstandingbasic": 110200000,
        "weightedaveragenumberofdilutedsharesoutstanding": 110300000
    },
    {
        "date": "2021-09-29",
        "symbol": "VRSN",
        "period": "Q3",
        "revenues": 334242000,
        "costofrevenue": 47801000,
        "sellingandmarketingexpense": 9410000,
        "researchanddevelopmentexpense": 19566000,
        "generalandadministrativeexpense": 36160000,
        "costsandexpenses": 112937000,
        "operatingincomeloss": 221305000,
        "interestexpense": 18829000,
        "nonoperatinggainslosses": 164000,
        "incomelossfromcontinuingoperationsbeforeincometaxesextraordinaryitemsnoncontrollinginterest": 202640000,
        "incometaxexpensebenefit": 46018000,
        "netincomeloss": 156622000,
        "othercomprehensiveincomelossnetoftax": 61000,
        "comprehensiveincomenetoftax": 156683000,
        "incomelossfromcontinuingoperationsperbasicshare": 1.4,
        "incomelossfromcontinuingoperationsperdilutedshare": 1.4,
        "weightedaveragenumberofsharesoutstandingbasic": 111664000,
        "weightedaveragenumberofdilutedsharesoutstanding": 111793000
    },
    {
        "date": "2021-06-29",
        "symbol": "VRSN",
        "period": "Q2",
        "revenues": 329405000,
        "costofrevenue": 47796000,
        "sellingandmarketingexpense": 10221000,
        "researchanddevelopmentexpense": 19808000,
        "generalandadministrativeexpense": 38601000,
        "costsandexpenses": 116426000,
        "operatingincomeloss": 212979000,
        "interestexpense": 23064000,
        "nonoperatinggainslosses": -2041000,
        "incomelossfromcontinuingoperationsbeforeincometaxesminorityinterestandincomelossfromequitymethodinvestments": 187874000,
        "incometaxexpensebenefit": 40102000,
        "netincomeloss": 147772000,
        "othercomprehensiveincomelossnetoftax": -87000,
        "comprehensiveincomenetoftax": 147685000,
        "incomelossfromcontinuingoperationsperbasicshare": 1.31,
        "incomelossfromcontinuingoperationsperdilutedshare": 1.31,
        "weightedaveragenumberofsharesoutstandingbasic": 112387000,
        "weightedaveragenumberofdilutedsharesoutstanding": 112517000
    },
    {
        "date": "2021-03-30",
        "symbol": "VRSN",
        "period": "Q1",
        "revenues": 323621000,
        "costofrevenue": 46968000,
        "sellingandmarketingexpense": 8484000,
        "researchanddevelopmentexpense": 20311000,
        "generalandadministrativeexpense": 37451000,
        "costsandexpenses": 113214000,
        "operatingincomeloss": 210407000,
        "interestexpense": 22534000,
        "nonoperatinggainslosses": 444000,
        "incomelossfromcontinuingoperationsbeforeincometaxesminorityinterestandincomelossfromequitymethodinvestments": 188317000,
        "incometaxexpensebenefit": 37963000,
        "netincomeloss": 150354000,
        "othercomprehensiveincomelossnetoftax": 9000,
        "comprehensiveincomenetoftax": 150363000,
        "incomelossfromcontinuingoperationsperbasicshare": 1.33,
        "incomelossfromcontinuingoperationsperdilutedshare": 1.33,
        "weightedaveragenumberofsharesoutstandingbasic": 113131000,
        "weightedaveragenumberofdilutedsharesoutstanding": 113296000
    },
    {
        "date": "2020-09-29",
        "symbol": "VRSN",
        "period": "Q3",
        "revenues": 317879000,
        "costofrevenue": 45024000,
        "sellingandmarketingexpense": 8389000,
        "researchanddevelopmentexpense": 19708000,
        "generalandadministrativeexpense": 38109000,
        "costsandexpenses": 111230000,
        "operatingincomeloss": 206649000,
        "interestexpense": 22537000,
        "nonoperatinggainslosses": 775000,
        "incomelossfromcontinuingoperationsbeforeincometaxesminorityinterestandincomelossfromequitymethodinvestments": 184887000,
        "incometaxexpensebenefit": 13908000,
        "netincomeloss": 170979000,
        "othercomprehensiveincomelossnetoftax": -383000,
        "comprehensiveincomenetoftax": 170596000,
        "incomelossfromcontinuingoperationsperbasicshare": 1.49,
        "incomelossfromcontinuingoperationsperdilutedshare": 1.49,
        "weightedaveragenumberofsharesoutstandingbasic": 114655000,
        "weightedaveragenumberofdilutedsharesoutstanding": 114831000
    },
    {
        "date": "2020-06-29",
        "symbol": "VRSN",
        "period": "Q2",
        "revenues": 314365000,
        "costofrevenue": 43608000,
        "sellingandmarketingexpense": 8890000,
        "researchanddevelopmentexpense": 18202000,
        "generalandadministrativeexpense": 36885000,
        "costsandexpenses": 107585000,
        "operatingincomeloss": 206780000,
        "interestexpense": 22535000,
        "nonoperatinggainslosses": 7403000,
        "incomelossfromcontinuingoperationsbeforeincometaxesminorityinterestandincomelossfromequitymethodinvestments": 191648000,
        "incometaxexpensebenefit": 39169000,
        "netincomeloss": 152479000,
        "othercomprehensiveincomelossnetoftax": -2000000,
        "comprehensiveincomenetoftax": 150479000,
        "incomelossfromcontinuingoperationsperbasicshare": 1.32,
        "incomelossfromcontinuingoperationsperdilutedshare": 1.32,
        "weightedaveragenumberofsharesoutstandingbasic": 115347000,
        "weightedaveragenumberofdilutedsharesoutstanding": 115544000
    },
    {
        "date": "2020-03-30",
        "symbol": "VRSN",
        "period": "Q1",
        "revenues": 312524000,
        "costofrevenue": 45573000,
        "sellingandmarketingexpense": 6604000,
        "researchanddevelopmentexpense": 17358000,
        "generalandadministrativeexpense": 36725000,
        "costsandexpenses": 106260000,
        "operatingincomeloss": 206264000,
        "interestexpense": 22535000,
        "nonoperatinggainslosses": 7084000,
        "incomelossfromcontinuingoperationsbeforeincometaxesminorityinterestandincomelossfromequitymethodinvestments": 190813000,
        "incometaxexpensebenefit": -143303000,
        "netincomeloss": 334116000,
        "othercomprehensiveincomelossnetoftax": 2263000,
        "comprehensiveincomenetoftax": 336379000,
        "incomelossfromcontinuingoperationsperbasicshare": 2.87,
        "incomelossfromcontinuingoperationsperdilutedshare": 2.86,
        "weightedaveragenumberofsharesoutstandingbasic": 116375000,
        "weightedaveragenumberofdilutedsharesoutstanding": 116730000
    },
    {
        "date": "2019-12-30",
        "symbol": "VRSN",
        "period": "Q4",
        "revenues": 310543000,
        "costofrevenue": 46454000,
        "sellingandmarketingexpense": 13862000,
        "researchanddevelopmentexpense": 15101000,
        "generalandadministrativeexpense": 36560000,
        "costsandexpenses": 111977000,
        "operatingincomeloss": 198566000,
        "interestexpense": 22712000,
        "nonoperatinggainslosses": 9123000,
        "incomelossfromcontinuingoperationsbeforeincometaxesminorityinterestandincomelossfromequitymethodinvestments": 184977000,
        "incometaxexpensebenefit": 36652000,
        "othercomprehensiveincomelossnetoftax": -202000,
        "weightedaveragenumberofsharesoutstandingbasic": -238403000,
        "weightedaveragenumberofdilutedsharesoutstanding": -239279000
    },
    {
        "date": "2019-09-29",
        "symbol": "VRSN",
        "period": "Q3",
        "revenues": 308421000,
        "costofrevenue": 44443000,
        "sellingandmarketingexpense": 9857000,
        "researchanddevelopmentexpense": 14619000,
        "generalandadministrativeexpense": 33886000,
        "costsandexpenses": 102805000,
        "operatingincomeloss": 205616000,
        "interestexpense": 22633000,
        "nonoperatinggainslosses": 10498000,
        "incomelossfromcontinuingoperationsbeforeincometaxesminorityinterestandincomelossfromequitymethodinvestments": 193481000,
        "incometaxexpensebenefit": 39568000,
        "netincomeloss": 153913000,
        "othercomprehensiveincomelossnetoftax": 308000,
        "comprehensiveincomenetoftax": 154221000,
        "incomelossfromcontinuingoperationsperbasicshare": 1.3,
        "incomelossfromcontinuingoperationsperdilutedshare": 1.3,
        "weightedaveragenumberofsharesoutstandingbasic": 118194000,
        "weightedaveragenumberofdilutedsharesoutstanding": 118569000
    },
    {
        "date": "2019-06-29",
        "symbol": "VRSN",
        "period": "Q2",
        "revenues": 306289000,
        "costofrevenue": 44066000,
        "sellingandmarketingexpense": 12399000,
        "researchanddevelopmentexpense": 14953000,
        "generalandadministrativeexpense": 33178000,
        "costsandexpenses": 104596000,
        "operatingincomeloss": 201693000,
        "interestexpense": 22635000,
        "nonoperatinggainslosses": 11436000,
        "incomelossfromcontinuingoperationsbeforeincometaxesminorityinterestandincomelossfromequitymethodinvestments": 190494000,
        "incometaxexpensebenefit": 42960000,
        "netincomeloss": 147534000,
        "othercomprehensiveincomelossnetoftax": 35000,
        "comprehensiveincomenetoftax": 147569000,
        "incomelossfromcontinuingoperationsperbasicshare": 1.24,
        "incomelossfromcontinuingoperationsperdilutedshare": 1.24,
        "weightedaveragenumberofsharesoutstandingbasic": 118965000,
        "weightedaveragenumberofdilutedsharesoutstanding": 119361000
    },
    {
        "date": "2019-03-30",
        "symbol": "VRSN",
        "period": "Q1",
        "revenues": 306408000,
        "costofrevenue": 45504000,
        "sellingandmarketingexpense": 10519000,
        "researchanddevelopmentexpense": 16132000,
        "generalandadministrativeexpense": 34001000,
        "costsandexpenses": 106156000,
        "operatingincomeloss": 200252000,
        "interestexpense": 22631000,
        "nonoperatinggainslosses": 12203000,
        "incomelossfromcontinuingoperationsbeforeincometaxesminorityinterestandincomelossfromequitymethodinvestments": 189824000,
        "incometaxexpensebenefit": 27297000,
        "netincomeloss": 162527000,
        "othercomprehensiveincomelossnetoftax": 49000,
        "comprehensiveincomenetoftax": 162576000,
        "incomelossfromcontinuingoperationsperbasicshare": 1.36,
        "incomelossfromcontinuingoperationsperdilutedshare": 1.35,
        "weightedaveragenumberofsharesoutstandingbasic": 119757000,
        "weightedaveragenumberofdilutedsharesoutstanding": 120317000
    },
    {
        "date": "2018-12-30",
        "symbol": "VRSN",
        "period": "Q4",
        "revenues": -230139000,
        "costofrevenue": 48368000,
        "sellingandmarketingexpense": 17179000,
        "researchanddevelopmentexpense": 15042000,
        "generalandadministrativeexpense": 32897000,
        "costsandexpenses": 113486000,
        "operatingincomeloss": 193966000,
        "interestexpense": 22634000,
        "nonoperatinggainslosses": 62570000,
        "incomelossfromcontinuingoperationsbeforeincometaxesminorityinterestandincomelossfromequitymethodinvestments": 233902000,
        "incometaxexpensebenefit": 51707000,
        "othercomprehensiveincomelossnetoftax": 192000,
        "weightedaveragenumberofsharesoutstandingbasic": -219416000,
        "weightedaveragenumberofdilutedsharesoutstanding": -246306000
    },
    {
        "date": "2018-09-29",
        "symbol": "VRSN",
        "period": "Q3",
        "revenues": 34656000,
        "costofrevenue": 48249000,
        "sellingandmarketingexpense": 13868000,
        "researchanddevelopmentexpense": 13712000,
        "generalandadministrativeexpense": 34951000,
        "costsandexpenses": 110780000,
        "operatingincomeloss": 194997000,
        "interestexpense": 22631000,
        "nonoperatinggainslosses": 5935000,
        "incomelossfromcontinuingoperationsbeforeincometaxesminorityinterestandincomelossfromequitymethodinvestments": 178301000,
        "incometaxexpensebenefit": 40621000,
        "netincomeloss": 137680000,
        "othercomprehensiveincomelossnetoftax": -322000,
        "comprehensiveincomenetoftax": 137358000,
        "incomelossfromcontinuingoperationsperbasicshare": 1.13,
        "incomelossfromcontinuingoperationsperdilutedshare": 1.13,
        "weightedaveragenumberofsharesoutstandingbasic": 121682000,
        "weightedaveragenumberofdilutedsharesoutstanding": 122261000
    },
    {
        "date": "2018-06-29",
        "symbol": "VRSN",
        "period": "Q2",
        "revenues": 34717000,
        "costofrevenue": 47365000,
        "sellingandmarketingexpense": 16569000,
        "researchanddevelopmentexpense": 13755000,
        "generalandadministrativeexpense": 31753000,
        "costsandexpenses": 109442000,
        "operatingincomeloss": 193010000,
        "interestexpense": 28792000,
        "nonoperatinggainslosses": 660000,
        "incomelossfromcontinuingoperationsbeforeincometaxesminorityinterestandincomelossfromequitymethodinvestments": 164878000,
        "incometaxexpensebenefit": 36527000,
        "netincomeloss": 128351000,
        "othercomprehensiveincomelossnetoftax": 17000,
        "comprehensiveincomenetoftax": 128368000,
        "incomelossfromcontinuingoperationsperbasicshare": 1.13,
        "incomelossfromcontinuingoperationsperdilutedshare": 1.04,
        "weightedaveragenumberofsharesoutstandingbasic": 113936000,
        "weightedaveragenumberofdilutedsharesoutstanding": 123200000
    },
    {
        "date": "2018-03-30",
        "symbol": "VRSN",
        "period": "Q1",
        "revenues": 299288000,
        "costofrevenue": 48152000,
        "sellingandmarketingexpense": 17275000,
        "researchanddevelopmentexpense": 15375000,
        "generalandadministrativeexpense": 33067000,
        "costsandexpenses": 113869000,
        "operatingincomeloss": 185419000,
        "interestexpense": 40788000,
        "nonoperatinggainslosses": 7804000,
        "incomelossfromcontinuingoperationsbeforeincometaxesminorityinterestandincomelossfromequitymethodinvestments": 152435000,
        "incometaxexpensebenefit": 18172000,
        "netincomeloss": 134263000,
        "othercomprehensiveincomelossnetoftax": 243000,
        "comprehensiveincomenetoftax": 134506000,
        "incomelossfromcontinuingoperationsperbasicshare": 1.38,
        "incomelossfromcontinuingoperationsperdilutedshare": 1.09,
        "weightedaveragenumberofsharesoutstandingbasic": 97250000,
        "weightedaveragenumberofdilutedsharesoutstanding": 123506000
    },
    {
        "date": "2017-12-30",
        "symbol": "VRSN",
        "period": "Q4",
        "revenues": -717133000,
        "costofrevenue": 47680000,
        "sellingandmarketingexpense": 25488000,
        "researchanddevelopmentexpense": 12773000,
        "generalandadministrativeexpense": 33128000,
        "costsandexpenses": 119069000,
        "operatingincomeloss": 176432000,
        "interestexpense": 40467000,
        "nonoperatinggainslosses": 6082000,
        "incomelossfromcontinuingoperationsbeforeincometaxesminorityinterestandincomelossfromequitymethodinvestments": 142047000,
        "incometaxexpensebenefit": 39210000,
        "othercomprehensiveincomeunrealizedholdinggainlossonsecuritiesarisingduringperiodnetoftax": -354000,
        "othercomprehensiveincomelossreclassificationadjustmentfromaociforsaleofsecuritiesnetoftax": -37000,
        "othercomprehensiveincomelossnetoftax": 213000,
        "weightedaveragenumberofsharesoutstandingbasic": -202816000,
        "weightedaveragenumberofdilutedsharesoutstanding": -248338000
    },
    {
        "date": "2017-09-29",
        "symbol": "VRSN",
        "period": "Q3",
        "revenues": 292428000,
        "costofrevenue": 47333000,
        "sellingandmarketingexpense": 18667000,
        "researchanddevelopmentexpense": 12715000,
        "generalandadministrativeexpense": 32654000,
        "costsandexpenses": 111369000,
        "operatingincomeloss": 181059000,
        "interestexpense": 37756000,
        "nonoperatinggainslosses": 6241000,
        "incomelossfromcontinuingoperationsbeforeincometaxesminorityinterestandincomelossfromequitymethodinvestments": 149544000,
        "incometaxexpensebenefit": 34645000,
        "netincomeloss": 114899000,
        "othercomprehensiveincomeunrealizedholdinggainlossonsecuritiesarisingduringperiodnetoftax": 61000,
        "othercomprehensiveincomelossreclassificationadjustmentfromaociforsaleofsecuritiesnetoftax": 325000,
        "othercomprehensiveincomelossnetoftax": -264000,
        "comprehensiveincomenetoftax": 114635000,
        "incomelossfromcontinuingoperationsperbasicshare": 1.15,
        "incomelossfromcontinuingoperationsperdilutedshare": 0.93,
        "weightedaveragenumberofsharesoutstandingbasic": 99614000,
        "weightedaveragenumberofdilutedsharesoutstanding": 124074000
    },
    {
        "date": "2017-06-29",
        "symbol": "VRSN",
        "period": "Q2",
        "revenues": 288552000,
        "costofrevenue": 47644000,
        "sellingandmarketingexpense": 19474000,
        "researchanddevelopmentexpense": 13510000,
        "generalandadministrativeexpense": 32964000,
        "costsandexpenses": 113592000,
        "operatingincomeloss": 174960000,
        "interestexpense": 29090000,
        "nonoperatinggainslosses": 14002000,
        "incomelossfromcontinuingoperationsbeforeincometaxesminorityinterestandincomelossfromequitymethodinvestments": 159872000,
        "incometaxexpensebenefit": 36772000,
        "netincomeloss": 123100000,
        "othercomprehensiveincomeunrealizedholdinggainlossonsecuritiesarisingduringperiodnetoftax": 313000,
        "othercomprehensiveincomelossreclassificationadjustmentfromaociforsaleofsecuritiesnetoftax": 96000,
        "othercomprehensiveincomelossnetoftax": 217000,
        "comprehensiveincomenetoftax": 123317000,
        "incomelossfromcontinuingoperationsperbasicshare": 1.22,
        "incomelossfromcontinuingoperationsperdilutedshare": 0.99,
        "weightedaveragenumberofsharesoutstandingbasic": 101060000,
        "weightedaveragenumberofdilutedsharesoutstanding": 123980000
    },
    {
        "date": "2017-03-30",
        "symbol": "VRSN",
        "period": "Q1",
        "revenues": 288614000,
        "costofrevenue": 50669000,
        "sellingandmarketingexpense": 18322000,
        "researchanddevelopmentexpense": 13344000,
        "generalandadministrativeexpense": 31008000,
        "costsandexpenses": 113343000,
        "operatingincomeloss": 175271000,
        "interestexpense": 29023000,
        "nonoperatinggainslosses": 1301000,
        "incomelossfromcontinuingoperationsbeforeincometaxesminorityinterestandincomelossfromequitymethodinvestments": 147549000,
        "incometaxexpensebenefit": 31137000,
        "netincomeloss": 116412000,
        "othercomprehensiveincomeunrealizedholdinggainlossonsecuritiesarisingduringperiodnetoftax": 365000,
        "othercomprehensiveincomelossreclassificationadjustmentfromaociforsaleofsecuritiesnetoftax": 19000,
        "othercomprehensiveincomelossnetoftax": 346000,
        "comprehensiveincomenetoftax": 116758000,
        "incomelossfromcontinuingoperationsperbasicshare": 1.14,
        "incomelossfromcontinuingoperationsperdilutedshare": 0.94,
        "weightedaveragenumberofsharesoutstandingbasic": 102467000,
        "weightedaveragenumberofdilutedsharesoutstanding": 124464000
    },
    {
        "date": "2016-12-30",
        "symbol": "VRSN",
        "period": "Q4",
        "revenues": -715802000,
        "costofrevenue": 49100000,
        "sellingandmarketingexpense": 21819000,
        "researchanddevelopmentexpense": 13745000,
        "generalandadministrativeexpense": 32845000,
        "costsandexpenses": 117509000,
        "operatingincomeloss": 168762000,
        "interestexpense": 28982000,
        "nonoperatinggainslosses": 2073000,
        "incomelossfromcontinuingoperationsbeforeincometaxesminorityinterestandincomelossfromequitymethodinvestments": 141853000,
        "incometaxexpensebenefit": 36301000,
        "othercomprehensiveincomeunrealizedholdinggainlossonsecuritiesarisingduringperiodnetoftax": -768000,
        "othercomprehensiveincomelossreclassificationadjustmentfromaociforsaleofsecuritiesnetoftax": 0,
        "othercomprehensiveincomelossnetoftax": -768000,
        "weightedaveragenumberofsharesoutstandingbasic": -981000,
        "weightedaveragenumberofdilutedsharesoutstanding": -1134000
    },
    {
        "date": "2016-09-29",
        "symbol": "VRSN",
        "period": "Q3",
        "revenues": 287554000,
        "costofrevenue": 49807000,
        "sellingandmarketingexpense": 18647000,
        "researchanddevelopmentexpense": 14324000,
        "generalandadministrativeexpense": 30000000,
        "costsandexpenses": 112778000,
        "operatingincomeloss": 174776000,
        "interestexpense": 28919000,
        "nonoperatinggainslosses": 3262000,
        "incomelossfromcontinuingoperationsbeforeincometaxesminorityinterestandincomelossfromequitymethodinvestments": 149119000,
        "incometaxexpensebenefit": 34692000,
        "netincomeloss": 114427000,
        "othercomprehensiveincomeunrealizedholdinggainlossonsecuritiesarisingduringperiodnetoftax": -485000,
        "othercomprehensiveincomelossreclassificationadjustmentfromaociforsaleofsecuritiesnetoftax": 11000,
        "othercomprehensiveincomelossnetoftax": -496000,
        "comprehensiveincomenetoftax": 113931000,
        "incomelossfromcontinuingoperationsperbasicshare": 1.0699999999999998,
        "incomelossfromcontinuingoperationsperdilutedshare": 0.89,
        "weightedaveragenumberofsharesoutstandingbasic": -109677000,
        "weightedaveragenumberofdilutedsharesoutstanding": -132202000
    },
    {
        "date": "2016-06-29",
        "symbol": "VRSN",
        "period": "Q2",
        "revenues": 286466000,
        "costofrevenue": 48753000,
        "sellingandmarketingexpense": 19757000,
        "researchanddevelopmentexpense": 14288000,
        "generalandadministrativeexpense": 27401000,
        "costsandexpenses": 110199000,
        "operatingincomeloss": 176267000,
        "interestexpense": 28859000,
        "nonoperatinggainslosses": 1709000,
        "incomelossfromcontinuingoperationsbeforeincometaxesminorityinterestandincomelossfromequitymethodinvestments": 149117000,
        "incometaxexpensebenefit": 35907000,
        "netincomeloss": 113210000,
        "othercomprehensiveincomelossforeigncurrencytransactionandtranslationreclassificationadjustmentfromaocirealizeduponsaleorliquidationbeforetax": -85000,
        "othercomprehensiveincomeunrealizedholdinggainlossonsecuritiesarisingduringperiodnetoftax": 851000,
        "othercomprehensiveincomelossreclassificationadjustmentfromaociforsaleofsecuritiesnetoftax": 1000,
        "othercomprehensiveincomelossnetoftax": 935000,
        "comprehensiveincomenetoftax": 114145000,
        "incomelossfromcontinuingoperationsperbasicshare": 1.05,
        "incomelossfromcontinuingoperationsperdilutedshare": 0.87,
        "weightedaveragenumberofsharesoutstandingbasic": 108067000,
        "weightedaveragenumberofdilutedsharesoutstanding": 130588000
    },
    {
        "date": "2016-03-30",
        "symbol": "VRSN",
        "period": "Q1",
        "revenues": 281876000,
        "costofrevenue": 50582000,
        "sellingandmarketingexpense": 20027000,
        "researchanddevelopmentexpense": 16743000,
        "generalandadministrativeexpense": 27757000,
        "costsandexpenses": 115109000,
        "operatingincomeloss": 166767000,
        "interestexpense": 28804000,
        "nonoperatinggainslosses": 3121000,
        "incomelossfromcontinuingoperationsbeforeincometaxesminorityinterestandincomelossfromequitymethodinvestments": 141084000,
        "incometaxexpensebenefit": 33628000,
        "netincomeloss": 107456000,
        "othercomprehensiveincomeunrealizedholdinggainlossonsecuritiesarisingduringperiodnetoftax": 935000,
        "othercomprehensiveincomelossreclassificationadjustmentfromaociforsaleofsecuritiesnetoftax": 66000,
        "othercomprehensiveincomelossnetoftax": 869000,
        "comprehensiveincomenetoftax": 108325000,
        "incomelossfromcontinuingoperationsperbasicshare": 0.98,
        "incomelossfromcontinuingoperationsperdilutedshare": 0.82,
        "weightedaveragenumberofsharesoutstandingbasic": 109592000,
        "weightedaveragenumberofdilutedsharesoutstanding": 131581000
    },
    {
        "date": "2015-12-30",
        "symbol": "VRSN",
        "period": "Q4",
        "revenues": -711629000,
        "costofrevenue": 48996000,
        "sellingandmarketingexpense": 22507000,
        "researchanddevelopmentexpense": 15200000,
        "generalandadministrativeexpense": 27640000,
        "costsandexpenses": 114343000,
        "operatingincomeloss": 158282000,
        "interestexpense": 28567000,
        "nonoperatinggainslosses": -4336000,
        "incomelossfromcontinuingoperationsbeforeincometaxesminorityinterestandincomelossfromequitymethodinvestments": 125379000,
        "incometaxexpensebenefit": 23849000,
        "othercomprehensiveincomeunrealizedholdinggainlossonsecuritiesarisingduringperiodnetoftax": -1318000,
        "othercomprehensiveincomelossreclassificationadjustmentfromaociforsaleofsecuritiesnetoftax": 86000,
        "othercomprehensiveincomelossnetoftax": -1404000,
        "weightedaveragenumberofsharesoutstandingbasic": -1080000,
        "weightedaveragenumberofdilutedsharesoutstanding": 106000
    },
    {
        "date": "2015-09-29",
        "symbol": "VRSN",
        "period": "Q3",
        "revenues": 265780000,
        "costofrevenue": 47218000,
        "sellingandmarketingexpense": 20966000,
        "researchanddevelopmentexpense": 15019000,
        "generalandadministrativeexpense": 28115000,
        "costsandexpenses": 111318000,
        "operatingincomeloss": 154462000,
        "interestexpense": 28544000,
        "nonoperatinggainslosses": -3975000,
        "incomelossfromcontinuingoperationsbeforeincometaxesminorityinterestandincomelossfromequitymethodinvestments": 121943000,
        "incometaxexpensebenefit": 29486000,
        "netincomeloss": 92457000,
        "othercomprehensiveincomeunrealizedholdinggainlossonsecuritiesarisingduringperiodnetoftax": 565000,
        "othercomprehensiveincomelossreclassificationadjustmentfromaociforsaleofsecuritiesnetoftax": 26000,
        "othercomprehensiveincomelossnetoftax": 539000,
        "comprehensiveincomenetoftax": 92996000,
        "incomelossfromcontinuingoperationsperbasicshare": 0.8299999999999998,
        "incomelossfromcontinuingoperationsperdilutedshare": 0.7000000000000001,
        "weightedaveragenumberofsharesoutstandingbasic": -117560000,
        "weightedaveragenumberofdilutedsharesoutstanding": -134176000
    },
    {
        "date": "2015-06-29",
        "symbol": "VRSN",
        "period": "Q2",
        "revenues": 262539000,
        "costofrevenue": 48221000,
        "sellingandmarketingexpense": 24329000,
        "researchanddevelopmentexpense": 16347000,
        "generalandadministrativeexpense": 24677000,
        "costsandexpenses": 113574000,
        "operatingincomeloss": 148965000,
        "interestexpense": 28503000,
        "nonoperatinggainslosses": 3201000,
        "incomelossfromcontinuingoperationsbeforeincometaxesminorityinterestandincomelossfromequitymethodinvestments": 123663000,
        "incometaxexpensebenefit": 30652000,
        "netincomeloss": 93011000,
        "othercomprehensiveincomelossforeigncurrencytransactionandtranslationreclassificationadjustmentfromaocirealizeduponsaleorliquidationbeforetax": 291000,
        "othercomprehensiveincomeunrealizedholdinggainlossonsecuritiesarisingduringperiodnetoftax": 147000,
        "othercomprehensiveincomelossreclassificationadjustmentfromaociforsaleofsecuritiesnetoftax": 69000,
        "othercomprehensiveincomelossnetoftax": -213000,
        "comprehensiveincomenetoftax": 92798000,
        "incomelossfromcontinuingoperationsperbasicshare": 0.8,
        "incomelossfromcontinuingoperationsperdilutedshare": 0.7,
        "weightedaveragenumberofsharesoutstandingbasic": 115656000,
        "weightedaveragenumberofdilutedsharesoutstanding": 133251000
    },
    {
        "date": "2015-03-30",
        "symbol": "VRSN",
        "period": "Q1",
        "revenues": 258422000,
        "costofrevenue": 48353000,
        "sellingandmarketingexpense": 22382000,
        "researchanddevelopmentexpense": 17152000,
        "generalandadministrativeexpense": 26298000,
        "costsandexpenses": 114185000,
        "operatingincomeloss": 144237000,
        "interestexpense": 22017000,
        "nonoperatinggainslosses": -5555000,
        "incomelossfromcontinuingoperationsbeforeincometaxesminorityinterestandincomelossfromequitymethodinvestments": 116665000,
        "incometaxexpensebenefit": 28427000,
        "netincomeloss": 88238000,
        "othercomprehensiveincomeunrealizedholdinggainlossonsecuritiesarisingduringperiodnetoftax": 87000,
        "othercomprehensiveincomelossreclassificationadjustmentfromaociforsaleofsecuritiesnetoftax": 4000,
        "othercomprehensiveincomelossnetoftax": 83000,
        "comprehensiveincomenetoftax": 88321000,
        "incomelossfromcontinuingoperationsperbasicshare": 0.75,
        "incomelossfromcontinuingoperationsperdilutedshare": 0.66,
        "weightedaveragenumberofsharesoutstandingbasic": 117139000,
        "weightedaveragenumberofdilutedsharesoutstanding": 133850000
    },
    {
        "date": "2014-12-30",
        "symbol": "VRSN",
        "period": "Q4",
        "revenues": -676853000,
        "costofrevenue": 47477000,
        "sellingandmarketingexpense": 23757000,
        "researchanddevelopmentexpense": 17324000,
        "generalandadministrativeexpense": 25138000,
        "costsandexpenses": 113696000,
        "operatingincomeloss": 142221000,
        "interestexpense": 21586000,
        "nonoperatinggainslosses": -159000,
        "incomelossfromcontinuingoperationsbeforeincometaxesminorityinterestandincomelossfromequitymethodinvestments": 120476000,
        "incometaxexpensebenefit": 55004000,
        "othercomprehensiveincomeunrealizedholdinggainlossonsecuritiesarisingduringperiodnetoftax": 50000,
        "othercomprehensiveincomelossreclassificationadjustmentfromaociforsaleofsecuritiesnetoftax": -1000,
        "othercomprehensiveincomelossnetoftax": 51000,
        "incomelossfromcontinuingoperationsperbasicshare": 0.5499999999999998,
        "incomelossfromcontinuingoperationsperdilutedshare": 0.4800000000000001,
        "weightedaveragenumberofsharesoutstandingbasic": -260166000,
        "weightedaveragenumberofdilutedsharesoutstanding": -286959000
    },
    {
        "date": "2014-09-29",
        "symbol": "VRSN",
        "period": "Q3",
        "revenues": 255022000,
        "costofrevenue": 46933000,
        "sellingandmarketingexpense": 24304000,
        "researchanddevelopmentexpense": 16320000,
        "generalandadministrativeexpense": 27965000,
        "costsandexpenses": 115522000,
        "operatingincomeloss": 139500000,
        "interestexpense": 21533000,
        "nonoperatinggainslosses": -6473000,
        "incomelossfromcontinuingoperationsbeforeincometaxesminorityinterestandincomelossfromequitymethodinvestments": 111494000,
        "incometaxexpensebenefit": 16305000,
        "netincomeloss": 95189000,
        "othercomprehensiveincomeunrealizedholdinggainlossonsecuritiesarisingduringperiodnetoftax": 59000,
        "othercomprehensiveincomelossreclassificationadjustmentfromaociforsaleofsecuritiesnetoftax": 1000,
        "othercomprehensiveincomelossnetoftax": 58000,
        "comprehensiveincomenetoftax": 95247000,
        "incomelossfromcontinuingoperationsperbasicshare": 0.77,
        "incomelossfromcontinuingoperationsperdilutedshare": 0.69,
        "weightedaveragenumberofsharesoutstandingbasic": 124109000,
        "weightedaveragenumberofdilutedsharesoutstanding": 138112000
    },
    {
        "date": "2014-06-29",
        "symbol": "VRSN",
        "period": "Q2",
        "revenues": 250382000,
        "costofrevenue": 45989000,
        "sellingandmarketingexpense": 23651000,
        "researchanddevelopmentexpense": 15694000,
        "generalandadministrativeexpense": 21927000,
        "costsandexpenses": 107261000,
        "operatingincomeloss": 143121000,
        "interestexpense": 21490000,
        "nonoperatinggainslosses": 4994000,
        "incomelossfromcontinuingoperationsbeforeincometaxesminorityinterestandincomelossfromequitymethodinvestments": 126625000,
        "incometaxexpensebenefit": 26449000,
        "netincomeloss": 100176000,
        "othercomprehensiveincomeunrealizedholdinggainlossonsecuritiesarisingduringperiodnetoftax": -33000,
        "othercomprehensiveincomelossreclassificationadjustmentfromaociforsaleofsecuritiesnetoftax": 2000,
        "othercomprehensiveincomelossnetoftax": -35000,
        "comprehensiveincomenetoftax": 100141000,
        "incomelossfromcontinuingoperationsperbasicshare": 0.77,
        "incomelossfromcontinuingoperationsperdilutedshare": 0.71,
        "weightedaveragenumberofsharesoutstandingbasic": 129350000,
        "weightedaveragenumberofdilutedsharesoutstanding": 141142000
    },
    {
        "date": "2014-03-30",
        "symbol": "VRSN",
        "period": "Q1",
        "revenues": 248796000,
        "costofrevenue": 48026000,
        "sellingandmarketingexpense": 20289000,
        "researchanddevelopmentexpense": 18439000,
        "generalandadministrativeexpense": 22457000,
        "costsandexpenses": 109211000,
        "operatingincomeloss": 139585000,
        "interestexpense": 21385000,
        "nonoperatinggainslosses": 6516000,
        "incomelossfromcontinuingoperationsbeforeincometaxesminorityinterestandincomelossfromequitymethodinvestments": 124716000,
        "incometaxexpensebenefit": 30293000,
        "netincomeloss": 94423000,
        "othercomprehensiveincomeunrealizedholdinggainlossonsecuritiesarisingduringperiodnetoftax": 8000,
        "othercomprehensiveincomelossreclassificationadjustmentfromaociforsaleofsecuritiesnetoftax": -5000,
        "othercomprehensiveincomelossnetoftax": 13000,
        "comprehensiveincomenetoftax": 94436000,
        "incomelossfromcontinuingoperationsperbasicshare": 0.71,
        "incomelossfromcontinuingoperationsperdilutedshare": 0.64,
        "weightedaveragenumberofsharesoutstandingbasic": 133417000,
        "weightedaveragenumberofdilutedsharesoutstanding": 148600000
    },
    {
        "date": "2013-12-30",
        "symbol": "VRSN",
        "period": "Q4",
        "revenues": -549690000,
        "costofrevenue": 46575000,
        "sellingandmarketingexpense": 25064000,
        "researchanddevelopmentexpense": 17766000,
        "generalandadministrativeexpense": 26051000,
        "costsandexpenses": 115456000,
        "operatingincomeloss": 130174000,
        "interestexpense": 21237000,
        "nonoperatinggainslosses": 7508000,
        "incomelossfromcontinuingoperationsbeforeincometaxesminorityinterestandincomelossfromequitymethodinvestments": 116445000,
        "incometaxexpensebenefit": -175704000,
        "incomelossfromcontinuingoperationsincludingportionattributabletononcontrollinginterest": 292149000,
        "profitloss": 292149000,
        "othercomprehensiveincomeunrealizedholdinggainlossonsecuritiesarisingduringperiodnetoftax": -28000,
        "othercomprehensiveincomelossnetoftax": 122000,
        "comprehensiveincomenetoftaxincludingportionattributabletononcontrollinginterest": 292271000,
        "incomelossfromcontinuingoperationsperbasicshare": 2.0700000000000003,
        "earningspersharebasic": 2.0700000000000003,
        "incomelossfromcontinuingoperationsperdilutedshare": 1.8900000000000001,
        "earningspersharediluted": 1.8900000000000001,
        "weightedaveragenumberofsharesoutstandingbasic": -298229000,
        "weightedaveragenumberofdilutedsharesoutstanding": -317152000
    },
    {
        "date": "2013-09-29",
        "symbol": "VRSN",
        "period": "Q3",
        "revenues": 243678000,
        "costofrevenue": 46554000,
        "sellingandmarketingexpense": 22900000,
        "researchanddevelopmentexpense": 17456000,
        "generalandadministrativeexpense": 24055000,
        "costsandexpenses": 110965000,
        "operatingincomeloss": 132713000,
        "interestexpense": 21119000,
        "nonoperatinggainslosses": -4592000,
        "incomelossfromcontinuingoperationsbeforeincometaxesminorityinterestandincomelossfromequitymethodinvestments": 107002000,
        "incometaxexpensebenefit": 26104000,
        "incomelossfromcontinuingoperationsincludingportionattributabletononcontrollinginterest": 80898000,
        "profitloss": 80898000,
        "othercomprehensiveincomeunrealizedholdinggainlossonsecuritiesarisingduringperiodnetoftax": 85000,
        "othercomprehensiveincomelossreclassificationadjustmentfromaociforsaleofsecuritiesnetoftax": -1000,
        "othercomprehensiveincomelossnetoftax": 86000,
        "comprehensiveincomenetoftaxincludingportionattributabletononcontrollinginterest": 80984000,
        "incomelossfromcontinuingoperationsperbasicshare": 0.57,
        "earningspersharebasic": 0.57,
        "incomelossfromcontinuingoperationsperdilutedshare": 0.53,
        "earningspersharediluted": 0.53,
        "weightedaveragenumberofsharesoutstandingbasic": 141701000,
        "weightedaveragenumberofdilutedsharesoutstanding": 152951000
    },
    {
        "date": "2013-06-29",
        "symbol": "VRSN",
        "period": "Q2",
        "revenues": 239332000,
        "costofrevenue": 46630000,
        "sellingandmarketingexpense": 23269000,
        "researchanddevelopmentexpense": 16899000,
        "generalandadministrativeexpense": 20453000,
        "costsandexpenses": 107251000,
        "operatingincomeloss": 132081000,
        "interestexpense": 19809000,
        "nonoperatinggainslosses": 6161000,
        "incomelossfromcontinuingoperationsbeforeincometaxesminorityinterestandincomelossfromequitymethodinvestments": 118433000,
        "incometaxexpensebenefit": 31543000,
        "incomelossfromcontinuingoperationsincludingportionattributabletononcontrollinginterest": 86890000,
        "profitloss": 86890000,
        "othercomprehensiveincomeunrealizedholdinggainlossonsecuritiesarisingduringperiodnetoftax": -159000,
        "othercomprehensiveincomelossreclassificationadjustmentfromaociforsaleofsecuritiesnetoftax": 2459000,
        "othercomprehensiveincomelossnetoftax": -2618000,
        "comprehensiveincomenetoftaxincludingportionattributabletononcontrollinginterest": 84272000,
        "incomelossfromcontinuingoperationsperbasicshare": 0.58,
        "earningspersharebasic": 0.58,
        "incomelossfromcontinuingoperationsperdilutedshare": 0.55,
        "earningspersharediluted": 0.55,
        "weightedaveragenumberofsharesoutstandingbasic": 148576000,
        "weightedaveragenumberofdilutedsharesoutstanding": 158641000
    },
    {
        "date": "2013-03-30",
        "symbol": "VRSN",
        "period": "Q1",
        "revenues": 236447000,
        "costofrevenue": 47254000,
        "sellingandmarketingexpense": 18104000,
        "researchanddevelopmentexpense": 18176000,
        "generalandadministrativeexpense": 19649000,
        "costsandexpenses": 103183000,
        "operatingincomeloss": 133264000,
        "interestexpense": 12596000,
        "nonoperatinggainslosses": -5777000,
        "incomelossfromcontinuingoperationsbeforeincometaxesminorityinterestandincomelossfromequitymethodinvestments": 114891000,
        "incometaxexpensebenefit": 30378000,
        "incomelossfromcontinuingoperationsincludingportionattributabletononcontrollinginterest": 84513000,
        "profitloss": 84513000,
        "othercomprehensiveincomeunrealizedholdinggainlossonsecuritiesarisingduringperiodnetoftax": -267000,
        "othercomprehensiveincomelossreclassificationadjustmentforsaleofsecuritiesincludedinnetincomenetoftax": -20000,
        "othercomprehensiveincomelossnetoftax": -287000,
        "comprehensiveincomenetoftaxincludingportionattributabletononcontrollinginterest": 84226000,
        "incomelossfromcontinuingoperationsperbasicshare": 0.55,
        "earningspersharebasic": 0.55,
        "incomelossfromcontinuingoperationsperdilutedshare": 0.52,
        "earningspersharediluted": 0.52,
        "weightedaveragenumberofsharesoutstandingbasic": 152543000,
        "weightedaveragenumberofdilutedsharesoutstanding": 161346000
    },
    {
        "date": "2012-09-29",
        "symbol": "VRSN",
        "period": "Q3",
        "revenues": 223528000,
        "costofrevenue": 41460000,
        "sellingandmarketingexpense": 22928000,
        "researchanddevelopmentexpense": 15409000,
        "generalandadministrativeexpense": 27669000,
        "restructuringsettlementandimpairmentprovisions": 0,
        "costsandexpenses": 107466000,
        "operatingincomeloss": 116062000,
        "interestexpense": 12619000,
        "nonoperatinggainslosses": -1742000,
        "incomelossfromcontinuingoperationsbeforeincometaxesminorityinterestandincomelossfromequitymethodinvestments": 101701000,
        "incometaxexpensebenefit": 24882000,
        "incomelossfromcontinuingoperationsincludingportionattributabletononcontrollinginterest": 76819000,
        "profitloss": 77910000,
        "othercomprehensiveincomeunrealizedholdinggainlossonsecuritiesarisingduringperiodnetoftax": 2499000,
        "comprehensiveincomenetoftaxincludingportionattributabletononcontrollinginterest": 80389000,
        "incomelossfromcontinuingoperationsperbasicshare": 0.49000000000000016,
        "incomelossfromdiscontinuedoperationsnetoftaxperbasicshare": 0.009999999999999998,
        "earningspersharebasic": 0.5000000000000002,
        "incomelossfromcontinuingoperationsperdilutedshare": 0.46000000000000013,
        "earningspersharediluted": 0.47000000000000014,
        "weightedaveragenumberofsharesoutstandingbasic": -742000,
        "weightedaveragenumberofdilutedsharesoutstanding": 1010000
    },
    {
        "date": "2012-06-29",
        "symbol": "VRSN",
        "period": "Q2",
        "revenues": 214142000,
        "costofrevenue": 42844000,
        "sellingandmarketingexpense": 26313000,
        "researchanddevelopmentexpense": 15461000,
        "generalandadministrativeexpense": 22726000,
        "restructuringsettlementandimpairmentprovisions": -182000,
        "costsandexpenses": 107162000,
        "operatingincomeloss": 106980000,
        "interestexpense": 12580000,
        "nonoperatinggainslosses": -2097000,
        "incomelossfromcontinuingoperationsbeforeincometaxesminorityinterestandincomelossfromequitymethodinvestments": 92303000,
        "incometaxexpensebenefit": 23831000,
        "incomelossfromcontinuingoperationsincludingportionattributabletononcontrollinginterest": 68472000,
        "incomelossfromdiscontinuedoperationsnetoftax": 0,
        "profitloss": 68472000,
        "othercomprehensiveincomeunrealizedholdinggainlossonsecuritiesarisingduringperiodnetoftax": 42000,
        "othercomprehensiveincomereclassificationadjustmentforsaleofsecuritiesincludedinnetincomenetoftax": -30000,
        "othercomprehensiveincomelossnetoftaxperiodincreasedecrease": 12000,
        "comprehensiveincomenetoftaxincludingportionattributabletononcontrollinginterest": 68484000,
        "incomelossfromcontinuingoperationsperbasicshare": 0.44,
        "incomelossfromdiscontinuedoperationsnetoftaxperbasicshare": -0.01,
        "earningspersharebasic": 0.43,
        "incomelossfromcontinuingoperationsperdilutedshare": 0.41,
        "incomelossfromdiscontinuedoperationsnetoftaxperdilutedshare": 0,
        "earningspersharediluted": 0.41,
        "weightedaveragenumberofsharesoutstandingbasic": -873000,
        "weightedaveragenumberofdilutedsharesoutstanding": 649000
    },
    {
        "date": "2012-03-30",
        "symbol": "VRSN",
        "period": "Q1",
        "revenues": 205726000,
        "costofrevenue": 41256000,
        "sellingandmarketingexpense": 27815000,
        "researchanddevelopmentexpense": 14765000,
        "generalandadministrativeexpense": 23508000,
        "restructuringsettlementandimpairmentprovisions": -548000,
        "costsandexpenses": 106796000,
        "operatingincomeloss": 98930000,
        "interestexpense": 12340000,
        "nonoperatinggainslosses": 807000,
        "incomelossfromcontinuingoperationsbeforeincometaxesminorityinterestandincomelossfromequitymethodinvestments": 87397000,
        "incometaxexpensebenefit": 21292000,
        "incomelossfromcontinuingoperationsincludingportionattributabletononcontrollinginterest": 66105000,
        "incomelossfromdiscontinuedoperationsnetoftax": 1904000,
        "profitloss": 68009000,
        "othercomprehensiveincomeunrealizedholdinggainlossonsecuritiesarisingduringperiodnetoftax": -5000,
        "othercomprehensiveincomereclassificationadjustmentforsaleofsecuritiesincludedinnetincomenetoftax": -5000,
        "othercomprehensiveincomelossnetoftaxperiodincreasedecrease": -10000,
        "comprehensiveincomenetoftaxincludingportionattributabletononcontrollinginterest": 67999000,
        "incomelossfromcontinuingoperationsperbasicshare": 0.41,
        "incomelossfromdiscontinuedoperationsnetoftaxperbasicshare": 0.02,
        "earningspersharebasic": 0.43,
        "incomelossfromcontinuingoperationsperdilutedshare": 0.41,
        "incomelossfromdiscontinuedoperationsnetoftaxperdilutedshare": 0.01,
        "earningspersharediluted": 0.42,
        "weightedaveragenumberofsharesoutstandingbasic": 159344000,
        "weightedaveragenumberofdilutedsharesoutstanding": 162881000
    },
    {
        "date": "2011-09-29",
        "symbol": "VRSN",
        "period": "Q3",
        "revenues": 196965000,
        "costofrevenue": 41694000,
        "sellingandmarketingexpense": 25090000,
        "researchanddevelopmentexpense": 13488000,
        "generalandadministrativeexpense": 24775000,
        "restructuringsettlementandimpairmentprovisions": 2971000,
        "costsandexpenses": 108018000,
        "operatingincomeloss": 88947000,
        "interestexpense": 11797000,
        "nonoperatinggainslosses": 3591000,
        "incomelossfromcontinuingoperationsbeforeincometaxesminorityinterestandincomelossfromequitymethodinvestments": 80741000,
        "incometaxexpensebenefit": 22126000,
        "incomelossfromcontinuingoperationsincludingportionattributabletononcontrollinginterest": 58615000,
        "incomelossfromdiscontinuedoperationsnetoftax": 301000,
        "profitloss": 58916000,
        "netincomeloss": 58916000,
        "incomelossfromcontinuingoperationsperbasicshare": 0.3600000000000001,
        "incomelossfromdiscontinuedoperationsnetoftaxperbasicshare": -0.009999999999999997,
        "earningspersharebasic": 0.3500000000000001,
        "incomelossfromcontinuingoperationsperdilutedshare": 0.3500000000000001,
        "incomelossfromdiscontinuedoperationsnetoftaxperdilutedshare": 0,
        "earningspersharediluted": 0.3500000000000001,
        "weightedaveragenumberofsharesoutstandingbasic": -170172000,
        "weightedaveragenumberofdilutedsharesoutstanding": -170274000,
        "incomelossfromcontinuingoperations": 58615000,
        "incomelossfromdiscontinuedoperationsnetoftaxattributabletoreportingentity": 301000
    },
    {
        "date": "2011-06-29",
        "symbol": "VRSN",
        "period": "Q2",
        "revenues": 189844000,
        "costofrevenue": 40667000,
        "sellingandmarketingexpense": 22179000,
        "researchanddevelopmentexpense": 13074000,
        "generalandadministrativeexpense": 28206000,
        "restructuringsettlementandimpairmentprovisions": 3659000,
        "costsandexpenses": 107785000,
        "operatingincomeloss": 82059000,
        "interestexpense": 111856000,
        "nonoperatinggainslosses": 6149000,
        "incomelossfromcontinuingoperationsbeforeincometaxesminorityinterestandincomelossfromequitymethodinvestments": -23648000,
        "incometaxexpensebenefit": -15967000,
        "incomelossfromcontinuingoperationsincludingportionattributabletononcontrollinginterest": -7681000,
        "incomelossfromdiscontinuedoperationsnetoftax": -2929000,
        "profitloss": -10610000,
        "netincomeloss": -10610000,
        "incomelossfromcontinuingoperationsperbasicshare": -0.05,
        "incomelossfromdiscontinuedoperationsnetoftaxperbasicshare": -0.01,
        "earningspersharebasic": -0.06,
        "incomelossfromcontinuingoperationsperdilutedshare": -0.05,
        "incomelossfromdiscontinuedoperationsnetoftaxperdilutedshare": -0.01,
        "earningspersharediluted": -0.06,
        "weightedaveragenumberofsharesoutstandingbasic": 167471000,
        "weightedaveragenumberofdilutedsharesoutstanding": 167471000,
        "incomelossfromcontinuingoperations": -7681000,
        "incomelossfromdiscontinuedoperationsnetoftaxattributabletoreportingentity": -2929000,
        "contingentinteresttoholdersofconvertibledebentures": 100020000
    },
    {
        "date": "2011-03-30",
        "symbol": "VRSN",
        "period": "Q1",
        "revenues": 181523000,
        "costofrevenue": 40869000,
        "sellingandmarketingexpense": 22391000,
        "researchanddevelopmentexpense": 13594000,
        "generalandadministrativeexpense": 33629000,
        "restructuringsettlementandimpairmentprovisions": 5530000,
        "costsandexpenses": 116013000,
        "operatingincomeloss": 65510000,
        "interestexpense": 11820000,
        "nonoperatinggainslosses": 5478000,
        "incomelossfromcontinuingoperationsbeforeincometaxesminorityinterestandincomelossfromequitymethodinvestments": 59168000,
        "incometaxexpensebenefit": 16875000,
        "incomelossfromcontinuingoperationsincludingportionattributabletononcontrollinginterest": 42293000,
        "incomelossfromdiscontinuedoperationsnetoftax": -1522000,
        "profitloss": 40771000,
        "netincomeloss": 40771000,
        "incomelossfromcontinuingoperationsperbasicshare": 0.25,
        "incomelossfromdiscontinuedoperationsnetoftaxperbasicshare": -0.01,
        "earningspersharebasic": 0.24,
        "incomelossfromcontinuingoperationsperdilutedshare": 0.25,
        "incomelossfromdiscontinuedoperationsnetoftaxperdilutedshare": -0.01,
        "earningspersharediluted": 0.24,
        "weightedaveragenumberofsharesoutstandingbasic": 170193000,
        "weightedaveragenumberofdilutedsharesoutstanding": 171979000,
        "incomelossfromcontinuingoperations": 42293000,
        "incomelossfromdiscontinuedoperationsnetoftaxattributabletoreportingentity": -1522000
    },
    {
        "date": "2010-09-29",
        "symbol": "VRSN",
        "period": "Q3",
        "revenues": 172649000,
        "costofrevenue": 40266000,
        "sellingandmarketingexpense": 18450000,
        "researchanddevelopmentexpense": 14537000,
        "generalandadministrativeexpense": 33644000,
        "restructuringsettlementandimpairmentprovisions": 6303000,
        "costsandexpenses": 113200000,
        "operatingincomeloss": 59449000,
        "nonoperatinggainslosses": -7500000,
        "incomelossfromcontinuingoperationsbeforeincometaxesminorityinterestandincomelossfromequitymethodinvestments": 51949000,
        "incometaxexpensebenefit": 7193000,
        "incomelossfromcontinuingoperationsincludingportionattributabletononcontrollinginterest": 44756000,
        "incomelossfromdiscontinuedoperationsnetoftax": 740789000,
        "profitloss": 785545000,
        "incomelossfromdiscontinuedoperationsnetoftaxattributabletononcontrollinginterest": 642000,
        "netincomeloss": 784903000,
        "incomelossfromcontinuingoperationsperbasicshare": 0.26,
        "incomelossfromdiscontinuedoperationsnetoftaxperbasicshare": 4.26,
        "earningspersharebasic": 4.52,
        "incomelossfromcontinuingoperationsperdilutedshare": 0.26,
        "incomelossfromdiscontinuedoperationsnetoftaxperdilutedshare": 4.22,
        "earningspersharediluted": 4.48,
        "weightedaveragenumberofsharesoutstandingbasic": 173572000,
        "weightedaveragenumberofdilutedsharesoutstanding": 175034000,
        "incomelossfromcontinuingoperations": 44756000,
        "incomelossfromdiscontinuedoperationsnetoftaxattributabletoreportingentity": 740147000
    },
    {
        "date": "2010-06-29",
        "symbol": "VRSN",
        "period": "Q2",
        "revenues": 168684000,
        "costofrevenue": 40590000,
        "sellingandmarketingexpense": 23182000,
        "researchanddevelopmentexpense": 13824000,
        "generalandadministrativeexpense": 32957000,
        "restructuringsettlementandimpairmentprovisions": 7539000,
        "costsandexpenses": 118092000,
        "operatingincomeloss": 50592000,
        "nonoperatinggainslosses": -8116000,
        "incomelossfromcontinuingoperationsbeforeincometaxesminorityinterestandincomelossfromequitymethodinvestments": 42476000,
        "incometaxexpensebenefit": 16211000,
        "incomelossfromcontinuingoperationsincludingportionattributabletononcontrollinginterest": 26265000,
        "incomelossfromdiscontinuedoperationsnetoftax": 10109000,
        "profitloss": 36374000,
        "incomelossfromdiscontinuedoperationsnetoftaxattributabletononcontrollinginterest": 1161000,
        "netincomeloss": 35213000,
        "incomelossfromcontinuingoperationsperbasicshare": 0.15,
        "incomelossfromdiscontinuedoperationsnetoftaxperbasicshare": 0.04,
        "earningspersharebasic": 0.19,
        "incomelossfromcontinuingoperationsperdilutedshare": 0.14,
        "incomelossfromdiscontinuedoperationsnetoftaxperdilutedshare": 0.05,
        "earningspersharediluted": 0.19,
        "weightedaveragenumberofsharesoutstandingbasic": 181120000,
        "weightedaveragenumberofdilutedsharesoutstanding": 182753000,
        "incomelossfromcontinuingoperations": 26265000,
        "incomelossfromdiscontinuedoperationsnetoftaxattributabletoreportingentity": 8948000
    },
    {
        "date": "2010-03-30",
        "symbol": "VRSN",
        "period": "Q1",
        "revenues": 264402000,
        "costofrevenue": 59729000,
        "sellingandmarketingexpense": 48699000,
        "researchanddevelopmentexpense": 20382000,
        "generalandadministrativeexpense": 43755000,
        "restructuringsettlementandimpairmentprovisions": 363000,
        "adjustmentforamortization": 2749000,
        "costsandexpenses": 175677000,
        "operatingincomeloss": 88725000,
        "nonoperatinggainslosses": -6933000,
        "incomelossfromcontinuingoperationsbeforeincometaxesminorityinterestandincomelossfromequitymethodinvestments": 81792000,
        "incometaxexpensebenefit": 27798000,
        "incomelossfromcontinuingoperationsincludingportionattributabletononcontrollinginterest": 53994000,
        "incomelossfromdiscontinuedoperationsnetoftax": -1554000,
        "profitloss": 52440000,
        "netincomelossattributabletononcontrollinginterest": 1084000,
        "netincomeloss": 51356000,
        "incomelossfromcontinuingoperationsperbasicshare": 0.29,
        "incomelossfromdiscontinuedoperationsnetoftaxperbasicshare": -0.01,
        "earningspersharebasic": 0.28,
        "incomelossfromcontinuingoperationsperdilutedshare": 0.29,
        "incomelossfromdiscontinuedoperationsnetoftaxperdilutedshare": -0.01,
        "earningspersharediluted": 0.28,
        "weightedaveragenumberofsharesoutstandingbasic": 183174000,
        "weightedaveragenumberofdilutedsharesoutstanding": 184259000,
        "incomelossfromcontinuingoperations": 52910000,
        "incomelossfromdiscontinuedoperationsnetoftaxattributabletoreportingentity": -1554000
    }
]