[
    {
        "date": "2024-03-30",
        "symbol": "CEG",
        "period": "Q1",
        "revenues": 6161000000,
        "costdirectmaterial": 3417000000,
        "utilitiesoperatingexpensemaintenanceoperationsandothercostsandexpenses": 1486000000,
        "costofgoodsandservicessolddepreciationandamortization": 306000000,
        "taxesexcludingincomeandexcisetaxes": 139000000,
        "costsandexpenses": 5348000000,
        "operatingincomeloss": 813000000,
        "interestexpense": 127000000,
        "othernonoperatingincomeexpense": 362000000,
        "nonoperatingincomeexpense": 235000000,
        "incomelossfromcontinuingoperationsbeforeincometaxesminorityinterestandincomelossfromequitymethodinvestments": 1048000000,
        "incometaxexpensebenefit": 165000000,
        "profitloss": 883000000,
        "netincomeloss": 883000000,
        "othercomprehensiveincomelossamortizationadjustmentfromaocipensionandotherpostretirementbenefitplansfornetpriorservicecostcreditnetoftax": -1000000,
        "othercomprehensiveincomelossreclassificationadjustmentfromaocipensionandotherpostretirementbenefitplansfornetgainlossnetoftax": -18000000,
        "othercomprehensiveincomelossreclassificationadjustmentfromaocipensionandotherpostretirementbenefitplansfornettransitionassetobligationnetoftax": 3000000,
        "othercomprehensiveincomeforeigncurrencytransactionandtranslationgainlossarisingduringperiodnetoftax": -3000000,
        "othercomprehensiveincomelossnetoftax": 11000000,
        "comprehensiveincomenetoftaxincludingportionattributabletononcontrollinginterest": 894000000,
        "comprehensiveincomenetoftax": 894000000,
        "weightedaveragenumberofsharesoutstandingbasic": 317000000,
        "incrementalcommonsharesattributabletosharebasedpaymentarrangements": 1000000,
        "weightedaveragenumberofdilutedsharesoutstanding": 318000000,
        "earningspersharebasic": 2.79,
        "earningspersharediluted": 2.78
    },
    {
        "date": "2023-12-30",
        "symbol": "CEG",
        "period": "Q4",
        "revenuefromcontractwithcustomerincludingassessedtax": 5796000000,
        "revenues": 5796000000,
        "costdirectmaterial": 4018000000,
        "utilitiesoperatingexpensemaintenanceoperationsandothercostsandexpenses": 1422000000,
        "costofgoodsandservicessolddepreciationandamortization": 288000000,
        "taxesexcludingincomeandexcisetaxes": 134000000,
        "costsandexpenses": 5862000000,
        "operatingincomeloss": -67000000,
        "interestexpense": 139000000,
        "nonoperatingincomeexpense": 210000000,
        "incomelossfromcontinuingoperationsbeforeincometaxesminorityinterestandincomelossfromequitymethodinvestments": 143000000,
        "incometaxexpensebenefit": 182000000,
        "profitloss": -39000000,
        "netincomelossattributabletononcontrollinginterest": -2000000,
        "netincomeloss": -37000000,
        "othercomprehensiveincomelossreclassificationadjustmentfromaocipensionandotherpostretirementbenefitplansfornetgainlossnetoftax": -7000000,
        "othercomprehensiveincomelossnetoftax": -394000000,
        "comprehensiveincomenetoftaxincludingportionattributabletononcontrollinginterest": -433000000,
        "comprehensiveincomenetoftaxattributabletononcontrollinginterest": -2000000,
        "comprehensiveincomenetoftax": -431000000,
        "weightedaveragenumberofsharesoutstandingbasic": 323000000,
        "weightedaveragenumberofdilutedsharesoutstanding": 324000000,
        "earningspersharebasic": -0.10000000000000048,
        "earningspersharediluted": -0.10000000000000048
    },
    {
        "date": "2023-09-29",
        "symbol": "CEG",
        "period": "Q3",
        "revenuefromcontractwithcustomerincludingassessedtax": 6111000000,
        "revenues": 6111000000,
        "costdirectmaterial": 3367000000,
        "utilitiesoperatingexpensemaintenanceoperationsandothercostsandexpenses": 1355000000,
        "costofgoodsandservicessolddepreciationandamortization": 266000000,
        "taxesexcludingincomeandexcisetaxes": 148000000,
        "costsandexpenses": 5136000000,
        "operatingincomeloss": 977000000,
        "interestexpense": 82000000,
        "othernonoperatingincomeexpense": 0,
        "nonoperatingincomeexpense": -82000000,
        "incomelossfromcontinuingoperationsbeforeincometaxesminorityinterestandincomelossfromequitymethodinvestments": 895000000,
        "incometaxexpensebenefit": 205000000,
        "incomelossfromequitymethodinvestments": 0,
        "profitloss": 690000000,
        "netincomelossattributabletononcontrollinginterest": -41000000,
        "netincomeloss": 731000000,
        "othercomprehensiveincomelossamortizationadjustmentfromaocipensionandotherpostretirementbenefitplansfornetpriorservicecostcreditnetoftax": 0,
        "othercomprehensiveincomelossreclassificationadjustmentfromaocipensionandotherpostretirementbenefitplansfornetgainlossnetoftax": -5000000,
        "othercomprehensiveincomelossnetoftax": 3000000,
        "comprehensiveincomenetoftaxincludingportionattributabletononcontrollinginterest": 693000000,
        "comprehensiveincomenetoftaxattributabletononcontrollinginterest": -41000000,
        "comprehensiveincomenetoftax": 734000000,
        "weightedaveragenumberofsharesoutstandingbasic": -2000000,
        "weightedaveragenumberofdilutedsharesoutstanding": -2000000,
        "earningspersharebasic": 2.27,
        "earningspersharediluted": 2.2700000000000005
    },
    {
        "date": "2023-06-29",
        "symbol": "CEG",
        "period": "Q2",
        "revenuefromcontractwithcustomerincludingassessedtax": 12973000000,
        "revenues": 5446000000,
        "costdirectmaterial": 2887000000,
        "utilitiesoperatingexpensemaintenanceoperationsandothercostsandexpenses": 1476000000,
        "costofgoodsandservicessolddepreciationandamortization": 275000000,
        "taxesexcludingincomeandexcisetaxes": 139000000,
        "costsandexpenses": 4777000000,
        "gainlossonsaleofotherassets": 0,
        "operatingincomeloss": 669000000,
        "interestexpense": 103000000,
        "othernonoperatingincomeexpense": 605000000,
        "nonoperatingincomeexpense": 502000000,
        "incomelossfromcontinuingoperationsbeforeincometaxesminorityinterestandincomelossfromequitymethodinvestments": 1171000000,
        "incometaxexpensebenefit": 341000000,
        "incomelossfromequitymethodinvestments": -6000000,
        "profitloss": 920000000,
        "netincomelossattributabletononcontrollinginterest": -9000000,
        "netincomeloss": 833000000,
        "othercomprehensiveincomelossamortizationadjustmentfromaocipensionandotherpostretirementbenefitplansfornetpriorservicecostcreditnetoftax": -2000000,
        "othercomprehensiveincomelossreclassificationadjustmentfromaocipensionandotherpostretirementbenefitplansfornetgainlossnetoftax": -7000000,
        "othercomprehensiveincomelossreclassificationadjustmentfromaocipensionandotherpostretirementbenefitplansfornettransitionassetobligationnetoftax": 0,
        "othercomprehensiveincomelossnetoftax": 8000000,
        "comprehensiveincomenetoftaxincludingportionattributabletononcontrollinginterest": 832000000,
        "comprehensiveincomenetoftaxattributabletononcontrollinginterest": -9000000,
        "comprehensiveincomenetoftax": 841000000,
        "weightedaveragenumberofsharesoutstandingbasic": -2000000,
        "weightedaveragenumberofdilutedsharesoutstanding": -1000000,
        "earningspersharebasic": 2.56,
        "earningspersharediluted": 2.55
    },
    {
        "date": "2023-03-30",
        "symbol": "CEG",
        "period": "Q1",
        "revenuefromcontractwithcustomerincludingassessedtax": 38000000,
        "revenues": 7565000000,
        "costdirectmaterial": 5729000000,
        "utilitiesoperatingexpensemaintenanceoperationsandothercostsandexpenses": 1432000000,
        "costofgoodsandservicessolddepreciationandamortization": 267000000,
        "taxesexcludingincomeandexcisetaxes": 132000000,
        "costsandexpenses": 7560000000,
        "gainlossonsaleofotherassets": 26000000,
        "operatingincomeloss": 31000000,
        "interestexpense": 107000000,
        "othernonoperatingincomeexpense": 314000000,
        "nonoperatingincomeexpense": 207000000,
        "incomelossfromcontinuingoperationsbeforeincometaxesminorityinterestandincomelossfromequitymethodinvestments": 238000000,
        "incometaxexpensebenefit": 131000000,
        "incomelossfromequitymethodinvestments": -5000000,
        "profitloss": 6000000,
        "netincomelossattributabletononcontrollinginterest": 6000000,
        "netincomeloss": 96000000,
        "othercomprehensiveincomelossamortizationadjustmentfromaocipensionandotherpostretirementbenefitplansfornetpriorservicecostcreditnetoftax": -1000000,
        "othercomprehensiveincomelossreclassificationadjustmentfromaocipensionandotherpostretirementbenefitplansfornetgainlossnetoftax": -6000000,
        "othercomprehensiveincomelossreclassificationadjustmentfromaocipensionandotherpostretirementbenefitplansfornettransitionassetobligationnetoftax": 53000000,
        "othercomprehensiveincomelossnetoftax": -48000000,
        "comprehensiveincomenetoftaxincludingportionattributabletononcontrollinginterest": 54000000,
        "comprehensiveincomenetoftaxattributabletononcontrollinginterest": 6000000,
        "comprehensiveincomenetoftax": 48000000,
        "weightedaveragenumberofsharesoutstandingbasic": 328000000,
        "weightedaveragenumberofdilutedsharesoutstanding": 328000000,
        "earningspersharebasic": 0.29,
        "earningspersharediluted": 0.29
    },
    {
        "date": "2022-12-30",
        "symbol": "CEG",
        "period": "Q4",
        "revenuefromcontractwithcustomerincludingassessedtax": 7333000000,
        "revenues": 7333000000,
        "costdirectmaterial": 5708000000,
        "utilitiesoperatingexpensemaintenanceoperationsandothercostsandexpenses": 1375000000,
        "costofgoodsandservicessolddepreciationandamortization": 273000000,
        "taxesexcludingincomeandexcisetaxes": 137000000,
        "costsandexpenses": 7493000000,
        "operatingincomeloss": -172000000,
        "interestexpense": 64000000,
        "othernonoperatingincomeexpense": 383000000,
        "nonoperatingincomeexpense": 319000000,
        "incomelossfromcontinuingoperationsbeforeincometaxesminorityinterestandincomelossfromequitymethodinvestments": 147000000,
        "incometaxexpensebenefit": 116000000,
        "incomelossfromequitymethodinvestments": -3000000,
        "profitloss": -78000000,
        "netincomelossattributabletononcontrollinginterest": -6000000,
        "netincomeloss": 34000000,
        "othercomprehensiveincomelossamortizationadjustmentfromaocipensionandotherpostretirementbenefitplansfornetpriorservicecostcreditnetoftax": -2000000,
        "othercomprehensiveincomelossreclassificationadjustmentfromaocipensionandotherpostretirementbenefitplansfornetgainlossnetoftax": -28000000,
        "othercomprehensiveincomeforeigncurrencytransactionandtranslationgainlossarisingduringperiodnetoftax": 1000000,
        "othercomprehensiveincomelossnetoftax": 209000000,
        "comprehensiveincomenetoftaxincludingportionattributabletononcontrollinginterest": 237000000,
        "comprehensiveincomenetoftaxattributabletononcontrollinginterest": -6000000,
        "comprehensiveincomenetoftax": 243000000,
        "earningspersharebasic": 0.09999999999999998,
        "earningspersharediluted": 0.09999999999999998
    },
    {
        "date": "2022-09-29",
        "symbol": "CEG",
        "period": "Q3",
        "revenuefromcontractwithcustomerincludingassessedtax": 6051000000,
        "revenues": 6051000000,
        "costdirectmaterial": 4695000000,
        "utilitiesoperatingexpensemaintenanceoperationsandothercostsandexpenses": 989000000,
        "costofgoodsandservicessolddepreciationandamortization": 261000000,
        "taxesexcludingincomeandexcisetaxes": 147000000,
        "costsandexpenses": 6092000000,
        "gainlossonsaleofotherassets": 0,
        "operatingincomeloss": -41000000,
        "interestexpense": 75000000,
        "othernonoperatingincomeexpense": -196000000,
        "nonoperatingincomeexpense": -271000000,
        "incomelossfromcontinuingoperationsbeforeincometaxesminorityinterestandincomelossfromequitymethodinvestments": -312000000,
        "incometaxexpensebenefit": -123000000,
        "incomelossfromequitymethodinvestments": -4000000,
        "profitloss": -193000000,
        "netincomelossattributabletononcontrollinginterest": -4000000,
        "netincomeloss": -189000000,
        "othercomprehensiveincomelossamortizationadjustmentfromaocipensionandotherpostretirementbenefitplansfornetpriorservicecostcreditnetoftax": -1000000,
        "othercomprehensiveincomelossreclassificationadjustmentfromaocipensionandotherpostretirementbenefitplansfornetgainlossnetoftax": -27000000,
        "othercomprehensiveincomeforeigncurrencytransactionandtranslationgainlossarisingduringperiodnetoftax": -6000000,
        "othercomprehensiveincomelossnetoftax": 23000000,
        "comprehensiveincomenetoftaxincludingportionattributabletononcontrollinginterest": -170000000,
        "comprehensiveincomenetoftaxattributabletononcontrollinginterest": -4000000,
        "comprehensiveincomenetoftax": -166000000,
        "earningspersharebasic": -0.57,
        "earningspersharediluted": -0.57
    },
    {
        "date": "2022-06-29",
        "symbol": "CEG",
        "period": "Q2",
        "revenuefromcontractwithcustomerincludingassessedtax": 5465000000,
        "revenuefromrelatedparties": 0,
        "revenues": 5465000000,
        "costdirectmaterial": 3509000000,
        "utilitiesoperatingexpensemaintenanceoperationsandothercostsandexpenses": 1272000000,
        "relatedpartycostsoperatingandmaintenance": 0,
        "costofgoodsandservicessolddepreciationandamortization": 277000000,
        "taxesexcludingincomeandexcisetaxes": 131000000,
        "costsandexpenses": 5189000000,
        "gainlossonsaleofotherassets": -3000000,
        "operatingincomeloss": 273000000,
        "interestexpense": 56000000,
        "relatedpartytransactioninterestexpense": 0,
        "othernonoperatingincomeexpense": -655000000,
        "nonoperatingincomeexpense": -711000000,
        "incomelossfromcontinuingoperationsbeforeincometaxesminorityinterestandincomelossfromequitymethodinvestments": -438000000,
        "incometaxexpensebenefit": -328000000,
        "incomelossfromequitymethodinvestments": -3000000,
        "profitloss": -7000000,
        "netincomelossattributabletononcontrollinginterest": -2000000,
        "netincomeloss": -111000000,
        "othercomprehensiveincomelossamortizationadjustmentfromaocipensionandotherpostretirementbenefitplansfornetpriorservicecostcreditnetoftax": -2000000,
        "othercomprehensiveincomelossreclassificationadjustmentfromaocipensionandotherpostretirementbenefitplansfornetgainlossnetoftax": -28000000,
        "othercomprehensiveincomeforeigncurrencytransactionandtranslationgainlossarisingduringperiodnetoftax": -2000000,
        "othercomprehensiveincomelossnetoftax": 24000000,
        "comprehensiveincomenetoftaxincludingportionattributabletononcontrollinginterest": -89000000,
        "comprehensiveincomenetoftaxattributabletononcontrollinginterest": -2000000,
        "comprehensiveincomenetoftax": -87000000,
        "weightedaveragenumberofsharesoutstandingbasic": 0,
        "incrementalcommonsharesattributabletosharebasedpaymentarrangements": 0,
        "weightedaveragenumberofdilutedsharesoutstanding": 0,
        "earningspersharebasic": -0.34,
        "earningspersharediluted": -0.34
    },
    {
        "date": "2022-03-30",
        "symbol": "CEG",
        "period": "Q1",
        "revenuefromcontractwithcustomerincludingassessedtax": 5431000000,
        "revenuefromrelatedparties": 160000000,
        "revenues": 5591000000,
        "costdirectmaterial": 3545000000,
        "relatedpartytransactionpurchasesfromrelatedparty": 5000000,
        "utilitiesoperatingexpensemaintenanceoperationsandothercostsandexpenses": 1161000000,
        "relatedpartycostsoperatingandmaintenance": 44000000,
        "costofgoodsandservicessolddepreciationandamortization": 280000000,
        "taxesexcludingincomeandexcisetaxes": 137000000,
        "costsandexpenses": 5172000000,
        "gainlossonsaleofotherassets": 16000000,
        "operatingincomeloss": 435000000,
        "interestexpense": 55000000,
        "relatedpartytransactioninterestexpense": 1000000,
        "othernonoperatingincomeexpense": -318000000,
        "nonoperatingincomeexpense": -374000000,
        "incomelossfromcontinuingoperationsbeforeincometaxesminorityinterestandincomelossfromequitymethodinvestments": 61000000,
        "incometaxexpensebenefit": -53000000,
        "incomelossfromequitymethodinvestments": -3000000,
        "profitloss": 111000000,
        "netincomelossattributabletononcontrollinginterest": 5000000,
        "netincomeloss": 106000000,
        "othercomprehensiveincomelossamortizationadjustmentfromaocipensionandotherpostretirementbenefitplansfornetpriorservicecostcreditnetoftax": -1000000,
        "othercomprehensiveincomelossreclassificationadjustmentfromaocipensionandotherpostretirementbenefitplansfornetgainlossnetoftax": -18000000,
        "othercomprehensiveincomeforeigncurrencytransactionandtranslationgainlossarisingduringperiodnetoftax": 4000000,
        "othercomprehensiveincomelossnetoftax": 21000000,
        "comprehensiveincomenetoftaxincludingportionattributabletononcontrollinginterest": 132000000,
        "comprehensiveincomenetoftaxattributabletononcontrollinginterest": 5000000,
        "comprehensiveincomenetoftax": 127000000,
        "weightedaveragenumberofsharesoutstandingbasic": 327000000,
        "incrementalcommonsharesattributabletosharebasedpaymentarrangements": 1000000,
        "weightedaveragenumberofdilutedsharesoutstanding": 328000000,
        "earningspersharebasic": 0.32,
        "earningspersharediluted": 0.32
    }
]