[
    {
        "date": "2024-09-29",
        "symbol": "SQ",
        "period": "Q3",
        "revenues": 5975801000,
        "costofgoodsandservicessold": 2364077000,
        "costofgoodsandservicessoldamortization": 17186000,
        "costofrevenue": 3726116000,
        "grossprofit": 2249685000,
        "researchanddevelopmentexpense": 710983000,
        "sellingandmarketingexpense": 511755000,
        "generalandadministrativeexpense": 475855000,
        "provisionforloanleaseandotherlosses": 192062000,
        "amortizationofintangibleassets": 36021000,
        "costsandexpenses": 1926676000,
        "operatingincomeloss": 323009000,
        "interestincomeexpensenonoperatingnet": -13811000,
        "othernonoperatingincomeexpense": 14949000,
        "incomelossfromcontinuingoperationsbeforeincometaxesextraordinaryitemsnoncontrollinginterest": 324147000,
        "incometaxexpensebenefit": 43000000,
        "profitloss": 281136000,
        "netincomelossattributabletononcontrollinginterest": -2618000,
        "netincomeloss": 283754000,
        "earningspersharebasic": 0.46,
        "earningspersharediluted": 0.45,
        "weightedaveragenumberofsharesoutstandingbasic": 616428000,
        "weightedaveragenumberofdilutedsharesoutstanding": 632760000,
        "othercomprehensiveincomelossforeigncurrencytransactionandtranslationadjustmentnetoftax": 334915000,
        "othercomprehensiveincomelossavailableforsalesecuritiesadjustmentnetoftax": 7542000,
        "comprehensiveincomenetoftaxincludingportionattributabletononcontrollinginterest": 623593000,
        "goodwillforeigncurrencytranslationgainloss": 225600000
    },
    {
        "date": "2024-06-29",
        "symbol": "SQ",
        "period": "Q2",
        "revenues": 1712967000,
        "costofgoodsandservicessold": 1000055000,
        "costofgoodsandservicessoldamortization": 17589000,
        "costofrevenue": 3922083000,
        "grossprofit": 2233480000,
        "researchanddevelopmentexpense": 713163000,
        "sellingandmarketingexpense": 507562000,
        "generalandadministrativeexpense": 473568000,
        "provisionforloanleaseandotherlosses": 191812000,
        "amortizationofintangibleassets": 40813000,
        "costsandexpenses": 1926918000,
        "operatingincomeloss": 306562000,
        "interestincomeexpensenonoperatingnet": 1871000,
        "othernonoperatingincomeexpense": -59532000,
        "incomelossfromcontinuingoperationsbeforeincometaxesextraordinaryitemsnoncontrollinginterest": 248901000,
        "incometaxexpensebenefit": 59029000,
        "profitloss": 189872000,
        "netincomelossattributabletononcontrollinginterest": -5396000,
        "netincomeloss": 195268000,
        "earningspersharebasic": 0.32,
        "earningspersharediluted": 0.31,
        "weightedaveragenumberofsharesoutstandingbasic": 617666000,
        "weightedaveragenumberofdilutedsharesoutstanding": 634221000,
        "othercomprehensiveincomelossforeigncurrencytransactionandtranslationadjustmentnetoftax": 125951000,
        "othercomprehensiveincomelossavailableforsalesecuritiesadjustmentnetoftax": 1883000,
        "comprehensiveincomenetoftaxincludingportionattributabletononcontrollinginterest": 317706000,
        "goodwillforeigncurrencytranslationgainloss": 100900000
    },
    {
        "date": "2024-03-30",
        "symbol": "SQ",
        "period": "Q1",
        "revenues": 1511209000,
        "costofgoodsandservicessold": 873165000,
        "costofgoodsandservicessoldamortization": 18027000,
        "costofrevenue": 3862655000,
        "grossprofit": 2094473000,
        "researchanddevelopmentexpense": 720574000,
        "sellingandmarketingexpense": 443885000,
        "generalandadministrativeexpense": 471260000,
        "provisionforloanleaseandotherlosses": 165729000,
        "amortizationofintangibleassets": 43282000,
        "costsandexpenses": 1844730000,
        "operatingincomeloss": 249743000,
        "interestincomeexpensenet": 18745000,
        "othernonoperatingincomeexpense": 237824000,
        "incomelossfromcontinuingoperationsbeforeincometaxesextraordinaryitemsnoncontrollinginterest": 506312000,
        "incometaxexpensebenefit": 35492000,
        "profitloss": 470820000,
        "netincomelossattributabletononcontrollinginterest": -1185000,
        "netincomeloss": 472005000,
        "earningspersharebasic": 0.77,
        "earningspersharediluted": 0.74,
        "weightedaveragenumberofsharesoutstandingbasic": 616401000,
        "weightedaveragenumberofdilutedsharesoutstanding": 637360000,
        "othercomprehensiveincomelossforeigncurrencytransactionandtranslationadjustmentnetoftax": -284174000,
        "othercomprehensiveincomelossavailableforsalesecuritiesadjustmentnetoftax": 2278000,
        "comprehensiveincomenetoftaxincludingportionattributabletononcontrollinginterest": 188924000,
        "goodwillforeigncurrencytranslationgainloss": -198200000
    },
    {
        "date": "2023-09-29",
        "symbol": "SQ",
        "period": "Q3",
        "revenues": 1658668000,
        "costofgoodsandservicessold": 984658000,
        "costofgoodsandservicessoldamortization": 17880000,
        "costofrevenue": 3719044000,
        "grossprofit": 1898449000,
        "researchanddevelopmentexpense": 713788000,
        "sellingandmarketingexpense": 479381000,
        "generalandadministrativeexpense": 480885000,
        "provisionforloanleaseandotherlosses": 177338000,
        "amortizationofintangibleassets": 56965000,
        "costsandexpenses": 1908357000,
        "operatingincomeloss": -9908000,
        "interestincomeexpensenet": 21415000,
        "othernonoperatingincomeexpense": 4262000,
        "incomelossfromcontinuingoperationsbeforeincometaxesextraordinaryitemsnoncontrollinginterest": 15769000,
        "incometaxexpensebenefit": 49529000,
        "profitloss": -33760000,
        "netincomelossattributabletononcontrollinginterest": -4806000,
        "netincomeloss": -28954000,
        "earningspersharebasic": -0.05,
        "earningspersharediluted": -0.05,
        "weightedaveragenumberofsharesoutstandingbasic": 611276000,
        "weightedaveragenumberofdilutedsharesoutstanding": 611276000,
        "othercomprehensiveincomelossforeigncurrencytransactionandtranslationadjustmentnetoftax": -273097000,
        "othercomprehensiveincomelossavailableforsalesecuritiesadjustmentnetoftax": 7993000,
        "comprehensiveincomenetoftaxincludingportionattributabletononcontrollinginterest": -298864000,
        "goodwillforeigncurrencytranslationgainloss": -194700000
    },
    {
        "date": "2023-06-29",
        "symbol": "SQ",
        "period": "Q2",
        "revenues": 1637654000,
        "costofgoodsandservicessold": 950523000,
        "costofgoodsandservicessoldamortization": 18392000,
        "costofrevenue": 3668856000,
        "grossprofit": 1866101000,
        "researchanddevelopmentexpense": 694672000,
        "sellingandmarketingexpense": 537607000,
        "generalandadministrativeexpense": 549293000,
        "provisionforloanleaseandotherlosses": 179771000,
        "amortizationofintangibleassets": 36865000,
        "costsandexpenses": 1998208000,
        "operatingincomeloss": -132107000,
        "interestincomeexpensenet": 3944000,
        "othernonoperatingincomeexpense": -1379000,
        "incomelossfromcontinuingoperationsbeforeincometaxesextraordinaryitemsnoncontrollinginterest": -129542000,
        "incometaxexpensebenefit": -3700000,
        "profitloss": -125842000,
        "netincomelossattributabletononcontrollinginterest": -3336000,
        "netincomeloss": -122506000,
        "earningspersharebasic": -0.2,
        "earningspersharediluted": -0.2,
        "weightedaveragenumberofsharesoutstandingbasic": 606692000,
        "weightedaveragenumberofdilutedsharesoutstanding": 606692000,
        "othercomprehensiveincomelossforeigncurrencytransactionandtranslationadjustmentnetoftax": 28716000,
        "othercomprehensiveincomelossavailableforsalesecuritiesadjustmentnetoftax": 6467000,
        "comprehensiveincomenetoftaxincludingportionattributabletononcontrollinginterest": -90659000,
        "goodwillforeigncurrencytranslationgainloss": 24800000
    },
    {
        "date": "2022-09-29",
        "symbol": "SQ",
        "period": "Q3",
        "revenues": 1517890000,
        "costofgoodsandservicessold": 901990000,
        "costofgoodsandservicessoldamortization": 18506000,
        "costofrevenue": 2948452000,
        "grossprofit": 1567089000,
        "researchanddevelopmentexpense": 548037000,
        "sellingandmarketingexpense": 485838000,
        "generalandadministrativeexpense": 395437000,
        "provisionforloanleaseandotherlosses": 147586000,
        "impairmentofintangibleassetsindefinitelivedexcludinggoodwill": 1619000,
        "amortizationofintangibleassets": 37361000,
        "costsandexpenses": 1615878000,
        "operatingincomeloss": -48789000,
        "interestincomeexpensenet": -6042000,
        "othernonoperatingincomeexpense": 18798000,
        "incomelossfromcontinuingoperationsbeforeincometaxesextraordinaryitemsnoncontrollinginterest": -36033000,
        "incometaxexpensebenefit": -17289000,
        "profitloss": -18744000,
        "netincomelossattributabletononcontrollinginterest": -4033000,
        "netincomeloss": -14711000,
        "earningspersharebasic": -0.02,
        "earningspersharediluted": -0.02,
        "weightedaveragenumberofsharesoutstandingbasic": 592672000,
        "weightedaveragenumberofdilutedsharesoutstanding": 592672000,
        "othercomprehensiveincomelossforeigncurrencytransactionandtranslationadjustmentnetoftax": -609045000,
        "othercomprehensiveincomelossavailableforsalesecuritiesadjustmentnetoftax": -7678000,
        "comprehensiveincomenetoftaxincludingportionattributabletononcontrollinginterest": -635467000
    },
    {
        "date": "2022-06-29",
        "symbol": "SQ",
        "period": "Q2",
        "revenues": 1475707000,
        "costofgoodsandservicessold": 875762000,
        "costofgoodsandservicessoldamortization": 17899000,
        "costofrevenue": 2934851000,
        "grossprofit": 1469648000,
        "researchanddevelopmentexpense": 524827000,
        "sellingandmarketingexpense": 530827000,
        "generalandadministrativeexpense": 395720000,
        "provisionforloanleaseandotherlosses": 156697000,
        "impairmentofintangibleassetsindefinitelivedexcludinggoodwill": 35961000,
        "amortizationofintangibleassets": 39389000,
        "costsandexpenses": 1683421000,
        "operatingincomeloss": -213773000,
        "interestincomeexpensenet": -12966000,
        "othernonoperatingincomeexpense": 18766000,
        "incomelossfromcontinuingoperationsbeforeincometaxesextraordinaryitemsnoncontrollinginterest": -207973000,
        "incometaxexpensebenefit": 1304000,
        "profitloss": -209277000,
        "netincomelossattributabletononcontrollinginterest": -1263000,
        "netincomeloss": -208014000,
        "earningspersharebasic": -0.36,
        "earningspersharediluted": -0.36,
        "weightedaveragenumberofsharesoutstandingbasic": 581350000,
        "weightedaveragenumberofdilutedsharesoutstanding": 581350000,
        "othercomprehensiveincomelossforeigncurrencytransactionandtranslationadjustmentnetoftax": -641029000,
        "othercomprehensiveincomelossavailableforsalesecuritiesadjustmentnetoftax": -7244000,
        "comprehensiveincomenetoftaxincludingportionattributabletononcontrollinginterest": -857550000
    },
    {
        "date": "2022-03-30",
        "symbol": "SQ",
        "period": "Q1",
        "revenues": 1232969000,
        "costofgoodsandservicessold": 718700000,
        "costofrevenue": 2665685000,
        "grossprofit": 1294960000,
        "researchanddevelopmentexpense": 484761000,
        "sellingandmarketingexpense": 501562000,
        "generalandadministrativeexpense": 444276000,
        "provisionforloanleaseandotherlosses": 91150000,
        "costsandexpenses": 1521749000,
        "operatingincomeloss": -226789000,
        "interestincomeexpensenet": -15748000,
        "othernonoperatingincomeexpense": 33472000,
        "incomelossfromcontinuingoperationsbeforeincometaxesextraordinaryitemsnoncontrollinginterest": -209065000,
        "incometaxexpensebenefit": -1702000,
        "profitloss": -207363000,
        "netincomelossattributabletononcontrollinginterest": -3164000,
        "netincomeloss": -204199000,
        "earningspersharebasic": -0.38,
        "earningspersharediluted": -0.38,
        "weightedaveragenumberofsharesoutstandingbasic": 541435000,
        "weightedaveragenumberofdilutedsharesoutstanding": 541435000,
        "othercomprehensiveincomelossforeigncurrencytransactionandtranslationadjustmentnetoftax": 264746000,
        "othercomprehensiveincomelossavailableforsalesecuritiesadjustmentnetoftax": -29954000,
        "comprehensiveincomenetoftaxincludingportionattributabletononcontrollinginterest": 27429000
    },
    {
        "date": "2021-09-29",
        "symbol": "SQ",
        "period": "Q3",
        "revenues": 2241386000,
        "costofgoodsandservicessold": 756775000,
        "costofrevenue": 2711512000,
        "grossprofit": 1133215000,
        "researchanddevelopmentexpense": 368050000,
        "sellingandmarketingexpense": 407850000,
        "generalandadministrativeexpense": 267476000,
        "provisionforloanleaseandotherlosses": 62306000,
        "impairmentofintangibleassetsindefinitelivedexcludinggoodwill": 6000000,
        "costsandexpenses": 1110219000,
        "operatingincomeloss": 22996000,
        "interestincomeexpensenet": -13409000,
        "othernonoperatingincomeexpense": -12011000,
        "incomelossfromcontinuingoperationsbeforeincometaxesextraordinaryitemsnoncontrollinginterest": -2424000,
        "incometaxexpensebenefit": 452000,
        "netincomeloss": 84000,
        "earningspersharebasic": -0.009999999999999981,
        "earningspersharediluted": -4.163336342344337e-17,
        "weightedaveragenumberofsharesoutstandingbasic": -453365000,
        "weightedaveragenumberofdilutedsharesoutstanding": -503727000
    },
    {
        "date": "2021-06-29",
        "symbol": "SQ",
        "period": "Q2",
        "revenuefromcontractwithcustomerexcludingassessedtax": 1227472000,
        "revenues": 685178000,
        "costofgoodsandservicessold": 684839000,
        "costofrevenue": 3539608000,
        "grossprofit": 1141064000,
        "researchanddevelopmentexpense": 326510000,
        "sellingandmarketingexpense": 375101000,
        "generalandadministrativeexpense": 221020000,
        "provisionforloanleaseandotherlosses": 48173000,
        "impairmentofintangibleassetsindefinitelivedexcludinggoodwill": 45266000,
        "costsandexpenses": 1016070000,
        "operatingincomeloss": 124994000,
        "interestincomeexpensenet": -6464000,
        "othernonoperatingincomeexpense": 75788000,
        "incomelossfromcontinuingoperationsbeforeincometaxesextraordinaryitemsnoncontrollinginterest": 194318000,
        "incometaxexpensebenefit": -9360000,
        "profitloss": 203678000,
        "netincomelossattributabletononcontrollinginterest": -343000,
        "netincomeloss": 204021000,
        "earningspersharebasic": 0.45,
        "earningspersharediluted": 0.4,
        "weightedaveragenumberofsharesoutstandingbasic": 455431000,
        "weightedaveragenumberofdilutedsharesoutstanding": 522578000,
        "othercomprehensiveincomelossforeigncurrencytransactionandtranslationadjustmentnetoftax": -916000,
        "othercomprehensiveincomelossavailableforsalesecuritiesadjustmentnetoftax": -1445000,
        "comprehensiveincomenetoftaxincludingportionattributabletononcontrollinginterest": 201317000
    },
    {
        "date": "2021-03-30",
        "symbol": "SQ",
        "period": "Q1",
        "revenuefromcontractwithcustomerexcludingassessedtax": 959733000,
        "revenues": 557681000,
        "costofgoodsandservicessold": 524280000,
        "costofgoodsandservicessoldamortization": 4300000,
        "costofrevenue": 4093769000,
        "grossprofit": 963501000,
        "researchanddevelopmentexpense": 308678000,
        "sellingandmarketingexpense": 349460000,
        "generalandadministrativeexpense": 195909000,
        "provisionforloanleaseandotherlosses": 20395000,
        "impairmentofintangibleassetsindefinitelivedexcludinggoodwill": 19860000,
        "amortizationofintangibleassets": 1463000,
        "costsandexpenses": 895765000,
        "operatingincomeloss": 67736000,
        "interestincomeexpensenet": -253000,
        "othernonoperatingincomeexpense": -27528000,
        "incomelossfromcontinuingoperationsbeforeincometaxesextraordinaryitemsnoncontrollinginterest": 39955000,
        "incometaxexpensebenefit": 947000,
        "netincomeloss": 39008000,
        "earningspersharebasic": 0.09,
        "earningspersharediluted": 0.08,
        "weightedaveragenumberofsharesoutstandingbasic": 454973000,
        "weightedaveragenumberofdilutedsharesoutstanding": 501353000,
        "othercomprehensiveincomeforeigncurrencytransactionandtranslationadjustmentnetoftaxportionattributabletoparent": -10595000,
        "othercomprehensiveincomeavailableforsalesecuritiesadjustmentnetoftaxportionattributabletoparent": -2534000,
        "comprehensiveincomenetoftax": 25879000
    },
    {
        "date": "2020-09-29",
        "symbol": "SQ",
        "period": "Q3",
        "revenuefromcontractwithcustomerexcludingassessedtax": 925294000,
        "revenues": 447522000,
        "costofgoodsandservicessold": 522680000,
        "costofgoodsandservicessoldamortization": 3118000,
        "costofrevenue": 2239419000,
        "grossprofit": 794455000,
        "researchanddevelopmentexpense": 226567000,
        "sellingandmarketingexpense": 348463000,
        "generalandadministrativeexpense": 153902000,
        "provisionforloanleaseandotherlosses": 15198000,
        "amortizationofintangibleassets": 983000,
        "costsandexpenses": 745113000,
        "operatingincomeloss": 49342000,
        "interestincomeexpensenet": -14980000,
        "othernonoperatingincomeexpense": 784000,
        "incomelossfromcontinuingoperationsbeforeincometaxesextraordinaryitemsnoncontrollinginterest": 35146000,
        "incometaxexpensebenefit": -1369000,
        "netincomeloss": 36515000,
        "earningspersharebasic": 0.08,
        "earningspersharediluted": 0.07,
        "weightedaveragenumberofsharesoutstandingbasic": 444458000,
        "weightedaveragenumberofdilutedsharesoutstanding": 488069000,
        "othercomprehensiveincomeforeigncurrencytransactionandtranslationadjustmentnetoftaxportionattributabletoparent": 9111000,
        "othercomprehensiveincomeavailableforsalesecuritiesadjustmentnetoftaxportionattributabletoparent": -1567000,
        "comprehensiveincomenetoftax": 44059000
    },
    {
        "date": "2020-06-29",
        "symbol": "SQ",
        "period": "Q2",
        "revenuefromcontractwithcustomerexcludingassessedtax": 682572000,
        "revenues": 346275000,
        "costofgoodsandservicessold": 388106000,
        "costofgoodsandservicessoldamortization": 2231000,
        "costofrevenue": 1326862000,
        "grossprofit": 596763000,
        "researchanddevelopmentexpense": 206825000,
        "sellingandmarketingexpense": 238096000,
        "generalandadministrativeexpense": 136386000,
        "provisionforloanleaseandotherlosses": 37603000,
        "amortizationofintangibleassets": 905000,
        "costsandexpenses": 619815000,
        "operatingincomeloss": -23052000,
        "interestincomeexpensenet": -14769000,
        "othernonoperatingincomeexpense": 25591000,
        "incomelossfromcontinuingoperationsbeforeincometaxesextraordinaryitemsnoncontrollinginterest": -12230000,
        "incometaxexpensebenefit": -752000,
        "netincomeloss": -11478000,
        "earningspersharebasic": -0.03,
        "earningspersharediluted": -0.03,
        "weightedaveragenumberofsharesoutstandingbasic": 440117000,
        "weightedaveragenumberofdilutedsharesoutstanding": 440117000,
        "othercomprehensiveincomeforeigncurrencytransactionandtranslationadjustmentnetoftaxportionattributabletoparent": 6367000,
        "othercomprehensiveincomeavailableforsalesecuritiesadjustmentnetoftaxportionattributabletoparent": 1431000,
        "comprehensiveincomenetoftax": -3680000
    },
    {
        "date": "2020-03-30",
        "symbol": "SQ",
        "period": "Q1",
        "revenuefromcontractwithcustomerexcludingassessedtax": 758101000,
        "revenues": 296235000,
        "costofgoodsandservicessold": 465779000,
        "costofgoodsandservicessoldamortization": 2320000,
        "costofrevenue": 842608000,
        "grossprofit": 538501000,
        "researchanddevelopmentexpense": 194986000,
        "sellingandmarketingexpense": 194535000,
        "generalandadministrativeexpense": 129495000,
        "provisionforloanleaseandotherlosses": 108883000,
        "amortizationofintangibleassets": 890000,
        "costsandexpenses": 628789000,
        "operatingincomeloss": -90288000,
        "interestincomeexpensenet": -9206000,
        "othernonoperatingincomeexpense": -5862000,
        "incomelossfromcontinuingoperationsbeforeincometaxesextraordinaryitemsnoncontrollinginterest": -105356000,
        "incometaxexpensebenefit": 535000,
        "netincomeloss": -105891000,
        "earningspersharebasic": -0.24,
        "earningspersharediluted": -0.24,
        "weightedaveragenumberofsharesoutstandingbasic": 434940000,
        "weightedaveragenumberofdilutedsharesoutstanding": 434940000,
        "othercomprehensiveincomeforeigncurrencytransactionandtranslationadjustmentnetoftaxportionattributabletoparent": -8388000,
        "othercomprehensiveincomeavailableforsalesecuritiesadjustmentnetoftaxportionattributabletoparent": 3327000,
        "comprehensiveincomenetoftax": -110952000
    },
    {
        "date": "2019-12-30",
        "symbol": "SQ",
        "period": "Q4",
        "revenuefromcontractwithcustomerexcludingassessedtax": 832180000,
        "revenues": 281415000,
        "costofgoodsandservicessold": 519241000,
        "costofgoodsandservicessoldamortization": 1921000,
        "costofrevenue": 786380000,
        "grossprofit": 527049000,
        "researchanddevelopmentexpense": 173284000,
        "sellingandmarketingexpense": 185231000,
        "generalandadministrativeexpense": 118164000,
        "operatingincomeloss": 17348000,
        "interestincomeexpensenet": -6060000,
        "othernonoperatingincomeexpense": 6715000,
        "incomelossfromcontinuingoperationsbeforeincometaxesextraordinaryitemsnoncontrollinginterest": 391448000,
        "incometaxexpensebenefit": 508000,
        "netincomeloss": 390940000,
        "earningspersharebasic": 0.92,
        "earningspersharediluted": 0.85,
        "weightedaveragenumberofsharesoutstandingbasic": 1760000,
        "weightedaveragenumberofdilutedsharesoutstanding": 42837000,
        "othercomprehensiveincomeforeigncurrencytransactionandtranslationadjustmentnetoftaxportionattributabletoparent": 4164000,
        "othercomprehensiveincomeavailableforsalesecuritiesadjustmentnetoftaxportionattributabletoparent": -148000,
        "comprehensiveincomenetoftax": 394956000
    },
    {
        "date": "2019-09-29",
        "symbol": "SQ",
        "period": "Q3",
        "netincomeloss": 29397000,
        "othercomprehensiveincomeforeigncurrencytransactionandtranslationadjustmentnetoftaxportionattributabletoparent": -2812000,
        "othercomprehensiveincomeavailableforsalesecuritiesadjustmentnetoftaxportionattributabletoparent": 1351000,
        "comprehensiveincomenetoftax": 27936000,
        "revenuefromcontractwithcustomerexcludingassessedtax": 816622000,
        "revenues": 279801000,
        "costofgoodsandservicessold": 519312000,
        "costofgoodsandservicessoldamortization": 1934000,
        "costofrevenue": 766437000,
        "grossprofit": 500037000,
        "researchanddevelopmentexpense": 168771000,
        "sellingandmarketingexpense": 149467000,
        "generalandadministrativeexpense": 115980000,
        "transactionloanandadvancelosses": 32722000,
        "operatingexpenseamortizationofintangibleassets": 1003000,
        "operatingexpenses": 467943000,
        "operatingincomeloss": 32094000,
        "interestincomeexpensenet": -5632000,
        "othernonoperatingincomeexpense": 5541000,
        "incomelossfromcontinuingoperationsbeforeincometaxesextraordinaryitemsnoncontrollinginterest": 32003000,
        "incometaxexpensebenefit": 2606000,
        "earningspersharebasic": 0.07,
        "earningspersharediluted": 0.07,
        "weightedaveragenumberofsharesoutstandingbasic": 1942000,
        "weightedaveragenumberofdilutedsharesoutstanding": 1942000
    },
    {
        "date": "2019-06-29",
        "symbol": "SQ",
        "period": "Q2",
        "netincomeloss": -6740000,
        "othercomprehensiveincomeforeigncurrencytransactionandtranslationadjustmentnetoftaxportionattributabletoparent": 261000,
        "adjustmentforlongtermintercompanytransactionsnetoftax": 0,
        "othercomprehensiveincomeavailableforsalesecuritiesadjustmentnetoftaxportionattributabletoparent": 2237000,
        "comprehensiveincomenetoftax": -4242000,
        "revenuefromcontractwithcustomerexcludingassessedtax": 775510000,
        "revenues": -489119000,
        "costofgoodsandservicessold": 490349000,
        "costofgoodsandservicessoldamortization": 1719000,
        "costofrevenue": 708393000,
        "grossprofit": 465845000,
        "researchanddevelopmentexpense": 174992000,
        "sellingandmarketingexpense": 156421000,
        "generalandadministrativeexpense": 100508000,
        "transactionloanandadvancelosses": 34264000,
        "operatingexpenseamortizationofintangibleassets": 503000,
        "operatingexpenses": 466688000,
        "operatingincomeloss": -843000,
        "interestincomeexpensenet": -5143000,
        "othernonoperatingincomeexpense": -1230000,
        "incomelossfromcontinuingoperationsbeforeincometaxesextraordinaryitemsnoncontrollinginterest": -7216000,
        "incometaxexpensebenefit": -447000,
        "earningspersharebasic": -0.020000000000000004,
        "earningspersharediluted": -0.020000000000000004,
        "weightedaveragenumberofsharesoutstandingbasic": 2008000,
        "weightedaveragenumberofdilutedsharesoutstanding": 2008000
    },
    {
        "date": "2019-03-30",
        "symbol": "SQ",
        "period": "Q1",
        "netincomeloss": -38151000,
        "othercomprehensiveincomeforeigncurrencytransactionandtranslationadjustmentnetoftaxportionattributabletoparent": 266000,
        "adjustmentforlongtermintercompanytransactionsnetoftax": 75000,
        "othercomprehensiveincomeavailableforsalesecuritiesadjustmentnetoftaxportionattributabletoparent": 2288000,
        "comprehensiveincomenetoftax": -35522000,
        "revenuefromcontractwithcustomerexcludingassessedtax": 656762000,
        "revenues": 959359000,
        "costofgoodsandservicessold": 409069000,
        "costofgoodsandservicessoldamortization": 1376000,
        "costofrevenue": 562605000,
        "grossprofit": 396754000,
        "researchanddevelopmentexpense": 153559000,
        "sellingandmarketingexpense": 133713000,
        "generalandadministrativeexpense": 101598000,
        "transactionloanandadvancelosses": 27841000,
        "operatingexpenseamortizationofintangibleassets": 2085000,
        "operatingexpenses": 418796000,
        "operatingincomeloss": -22042000,
        "interestincomeexpensenet": -4681000,
        "othernonoperatingincomeexpense": -11299000,
        "incomelossfromcontinuingoperationsbeforeincometaxesextraordinaryitemsnoncontrollinginterest": -38022000,
        "incometaxexpensebenefit": 100000,
        "earningspersharebasic": -0.09,
        "earningspersharediluted": -0.09,
        "weightedaveragenumberofsharesoutstandingbasic": 419289000,
        "weightedaveragenumberofdilutedsharesoutstanding": 419289000
    },
    {
        "date": "2018-09-29",
        "symbol": "SQ",
        "period": "Q3",
        "netincomeloss": 19643000,
        "othercomprehensiveincomeforeigncurrencytransactionandtranslationadjustmentnetoftaxportionattributabletoparent": -946000,
        "adjustmentforlongtermintercompanytransactionsnetoftax": -296000,
        "othercomprehensiveincomeavailableforsalesecuritiesadjustmentnetoftaxportionattributabletoparent": -647000,
        "comprehensiveincomenetoftax": 17754000,
        "revenues": 43959000,
        "revenuefromcontractwithcustomerexcludingassessedtax": 1600000,
        "costofgoodsandservicessold": 414456000,
        "costofgoodsandservicessoldamortization": 2277000,
        "costofrevenue": 529448000,
        "grossprofit": 352660000,
        "researchanddevelopmentexpense": 135773000,
        "sellingandmarketingexpense": 116337000,
        "generalandadministrativeexpense": 85527000,
        "transactionloanandadvancelosses": 23596000,
        "amortizationofintangibleassets": 1294000,
        "operatingexpenses": 362527000,
        "operatingincomeloss": -9867000,
        "interestincomeexpensenet": -7224000,
        "othernonoperatingincomeexpense": 37800000,
        "incomelossfromcontinuingoperationsbeforeincometaxesextraordinaryitemsnoncontrollinginterest": 20709000,
        "incometaxexpensebenefit": 1066000,
        "earningspersharebasic": 0.05,
        "earningspersharediluted": 0.04,
        "weightedaveragenumberofsharesoutstandingbasic": 409690000,
        "weightedaveragenumberofdilutedsharesoutstanding": 474915000
    },
    {
        "date": "2018-06-29",
        "symbol": "SQ",
        "period": "Q2",
        "netincomeloss": -5906000,
        "othercomprehensiveincomeforeigncurrencytransactionandtranslationadjustmentnetoftaxportionattributabletoparent": -2944000,
        "adjustmentforlongtermintercompanytransactionsnetoftax": -458000,
        "othercomprehensiveincomeavailableforsalesecuritiesadjustmentnetoftaxportionattributabletoparent": 240000,
        "comprehensiveincomenetoftax": -9068000,
        "revenues": 37603000,
        "costofgoodsandservicessold": 395349000,
        "costofservicesamortization": 1857000,
        "costofrevenue": 499122000,
        "grossprofit": 315816000,
        "researchanddevelopmentexpense": 114800000,
        "sellingandmarketingexpense": 98243000,
        "generalandadministrativeexpense": 82772000,
        "transactionloanandadvancelosses": 21976000,
        "amortizationofintangibleassets": 672000,
        "operatingexpenses": 318463000,
        "operatingincomeloss": -2647000,
        "interestincomeexpensenet": -2655000,
        "incomelossfromcontinuingoperationsbeforeincometaxesextraordinaryitemsnoncontrollinginterest": -5302000,
        "incometaxexpensebenefit": 600000,
        "earningspersharebasic": -0.01,
        "earningspersharediluted": -0.01,
        "weightedaveragenumberofsharesoutstandingbasic": 403301000,
        "weightedaveragenumberofdilutedsharesoutstanding": 403301000
    },
    {
        "date": "2018-03-30",
        "symbol": "SQ",
        "period": "Q1",
        "netincomeloss": -23986000,
        "othercomprehensiveincomeforeigncurrencytransactionandtranslationadjustmentnetoftaxportionattributabletoparent": 549000,
        "adjustmentforlongtermintercompanytransactionsnetoftax": 665000,
        "othercomprehensiveincomeavailableforsalesecuritiesadjustmentnetoftaxportionattributabletoparent": -1190000,
        "comprehensiveincomenetoftax": -23962000,
        "salesrevenueservicesnet": 96995000,
        "salesrevenuegoodsnet": 13154000,
        "cryptocurrencydenominatedassetsrevenue": 34095000,
        "salesrevenuenet": 1300000,
        "costofservices": 30368000,
        "costofgoodssold": 18757000,
        "cryptocurrencydenominatedassetscosts": 33872000,
        "costofservicesamortization": 1580000,
        "costofrevenue": 413433000,
        "grossprofit": 255170000,
        "researchanddevelopmentexpense": 105095000,
        "sellingandmarketingexpense": 77266000,
        "generalandadministrativeexpense": 75501000,
        "transactionloanandadvancelosses": 18031000,
        "amortizationofintangibleassets": 269000,
        "operatingexpenses": 276162000,
        "operatingincomeloss": -20992000,
        "interestincomeexpensenet": -2819000,
        "incomelossfromcontinuingoperationsbeforeincometaxesextraordinaryitemsnoncontrollinginterest": -23811000,
        "incometaxexpensebenefit": 200000,
        "earningspersharebasic": -0.06,
        "earningspersharediluted": -0.06,
        "weightedaveragenumberofsharesoutstandingbasic": 395948000,
        "weightedaveragenumberofdilutedsharesoutstanding": 395948000
    },
    {
        "date": "2017-09-29",
        "symbol": "SQ",
        "period": "Q3",
        "netincomeloss": -16098000,
        "othercomprehensiveincomeforeigncurrencytransactionandtranslationadjustmentnetoftaxportionattributabletoparent": 367000,
        "adjustmentforlongtermintercompanytransactionsnetoftax": -41000,
        "othercomprehensiveincomeavailableforsalesecuritiesadjustmentnetoftaxportionattributabletoparent": -200000,
        "comprehensiveincomenetoftax": -15972000,
        "salesrevenueservicesnet": 65051000,
        "salesrevenuegoodsnet": 10089000,
        "salesrevenuenet": 26106000,
        "costofservices": 18169000,
        "costofgoodssold": 18775000,
        "costofservicesamortization": 1556000,
        "costofrevenue": 366543000,
        "grossprofit": 218616000,
        "researchanddevelopmentexpense": 82547000,
        "sellingandmarketingexpense": 66533000,
        "generalandadministrativeexpense": 64312000,
        "transactionloanandadvancelosses": 19893000,
        "amortizationofintangibleassets": 222000,
        "operatingexpenses": 233507000,
        "operatingincomeloss": -14891000,
        "interestincomeexpensenet": -1854000,
        "incomelossfromcontinuingoperationsbeforeincometaxesextraordinaryitemsnoncontrollinginterest": -16745000,
        "incometaxexpensebenefit": -647000,
        "earningspersharebasic": -0.04,
        "earningspersharediluted": -0.04,
        "weightedaveragenumberofsharesoutstandingbasic": 383951000,
        "weightedaveragenumberofdilutedsharesoutstanding": 383951000
    },
    {
        "date": "2017-06-29",
        "symbol": "SQ",
        "period": "Q2",
        "netincomeloss": -15962000,
        "othercomprehensiveincomeforeigncurrencytransactionandtranslationadjustmentnetoftaxportionattributabletoparent": 430000,
        "adjustmentforlongtermintercompanytransactionsnetoftax": 432000,
        "othercomprehensiveincomeavailableforsalesecuritiesadjustmentnetoftaxportionattributabletoparent": -139000,
        "comprehensiveincomenetoftax": -15239000,
        "salesrevenueservicesnet": 59151000,
        "salesrevenuegoodsnet": 10289000,
        "salesrevenuenet": 21497000,
        "costofservices": 17116000,
        "costofgoodssold": 14173000,
        "costofservicesamortization": 1695000,
        "costofrevenue": 344076000,
        "grossprofit": 207429000,
        "researchanddevelopmentexpense": 78126000,
        "sellingandmarketingexpense": 59916000,
        "generalandadministrativeexpense": 62988000,
        "transactionloanandadvancelosses": 18401000,
        "amortizationofintangibleassets": 222000,
        "operatingexpenses": 219653000,
        "operatingincomeloss": -12224000,
        "interestincomeexpensenet": -3266000,
        "incomelossfromcontinuingoperationsbeforeincometaxesextraordinaryitemsnoncontrollinginterest": -15490000,
        "incometaxexpensebenefit": 500000,
        "earningspersharebasic": -0.04,
        "earningspersharediluted": -0.04,
        "weightedaveragenumberofsharesoutstandingbasic": 376357000,
        "weightedaveragenumberofdilutedsharesoutstanding": 376357000
    },
    {
        "date": "2017-03-30",
        "symbol": "SQ",
        "period": "Q1",
        "netincomeloss": -15090000,
        "othercomprehensiveincomeforeigncurrencytransactionandtranslationadjustmentnetoftaxportionattributabletoparent": 757000,
        "adjustmentforlongtermintercompanytransactionsnetoftax": -29000,
        "othercomprehensiveincomeavailableforsalesecuritiesadjustmentnetoftaxportionattributabletoparent": 19000,
        "comprehensiveincomenetoftax": -14343000,
        "salesrevenueservicesnet": 49060000,
        "salesrevenuegoodsnet": 9016000,
        "salesrevenuenet": 461554000,
        "costofservices": 15876000,
        "costofgoodssold": 12662000,
        "costofservicesamortization": 1807000,
        "costofrevenue": 288123000,
        "grossprofit": 173431000,
        "researchanddevelopmentexpense": 68582000,
        "sellingandmarketingexpense": 49900000,
        "generalandadministrativeexpense": 56935000,
        "transactionloanandadvancelosses": 11891000,
        "amortizationofintangibleassets": 205000,
        "operatingexpenses": 187513000,
        "operatingincomeloss": -14082000,
        "interestincomeexpensenet": -499000,
        "incomelossfromcontinuingoperationsbeforeincometaxesextraordinaryitemsnoncontrollinginterest": -14581000,
        "incometaxexpensebenefit": 509000,
        "earningspersharebasic": -0.04,
        "earningspersharediluted": -0.04,
        "weightedaveragenumberofsharesoutstandingbasic": 366737000,
        "weightedaveragenumberofdilutedsharesoutstanding": 366737000
    },
    {
        "date": "2016-12-30",
        "symbol": "SQ",
        "period": "Q4",
        "netincomeloss": -15167000,
        "othercomprehensiveincomeforeigncurrencytransactionandtranslationadjustmentnetoftaxportionattributabletoparent": -1438000,
        "adjustmentforlongtermintercompanytransactionsnetoftax": -667000,
        "othercomprehensiveincomeavailableforsalesecuritiesadjustmentnetoftaxportionattributabletoparent": -97000,
        "comprehensiveincomenetoftax": -17369000,
        "salesrevenueservicesnet": 40518000,
        "salesrevenuegoodsnet": 8869000,
        "salesrevenuenet": -348810000,
        "costofservices": 11431000,
        "costofgoodssold": 12118000,
        "costofservicesamortization": 1886000,
        "costofrevenue": 285392000,
        "grossprofit": 166525000,
        "researchanddevelopmentexpense": 64889000,
        "sellingandmarketingexpense": 49406000,
        "generalandadministrativeexpense": 53027000,
        "amortizationofintangibleassets": 147000,
        "operatingexpenses": 180503000,
        "operatingincomeloss": -13978000,
        "nonoperatingincomeexpense": 90000,
        "incomelossfromcontinuingoperationsbeforeincometaxesextraordinaryitemsnoncontrollinginterest": -14131000,
        "incometaxexpensebenefit": 1036000,
        "earningspersharebasic": -0.040000000000000036,
        "earningspersharediluted": -0.040000000000000036,
        "weightedaveragenumberofsharesoutstandingbasic": -668150000,
        "weightedaveragenumberofdilutedsharesoutstanding": -668150000
    },
    {
        "date": "2016-09-29",
        "symbol": "SQ",
        "period": "Q3",
        "netincomeloss": -32323000,
        "othercomprehensiveincomeforeigncurrencytransactionandtranslationadjustmentnetoftaxportionattributabletoparent": 127000,
        "adjustmentforlongtermintercompanytransactionsnetoftax": 74000,
        "othercomprehensiveincomeavailableforsalesecuritiesadjustmentnetoftaxportionattributabletoparent": -60000,
        "comprehensiveincomenetoftax": -32182000,
        "salesrevenueservicesnet": 35320000,
        "salesrevenuegoodsnet": 8171000,
        "salesrevenuenet": 17685000,
        "costofservices": 12524000,
        "costofgoodssold": 15689000,
        "costofservicesamortization": 1886000,
        "costofrevenue": 288688000,
        "grossprofit": 150314000,
        "researchanddevelopmentexpense": 70418000,
        "sellingandmarketingexpense": 46754000,
        "generalandadministrativeexpense": 52075000,
        "transactionloanandadvancelosses": 12885000,
        "amortizationofintangibleassets": 164000,
        "operatingexpenses": 182296000,
        "operatingincomeloss": -31982000,
        "interestincomeexpensenet": 183000,
        "nonoperatingincomeexpense": -294000,
        "incomelossfromcontinuingoperationsbeforeincometaxesextraordinaryitemsnoncontrollinginterest": -32093000,
        "incometaxexpensebenefit": 230000,
        "earningspersharebasic": -0.09,
        "earningspersharediluted": -0.09,
        "weightedaveragenumberofsharesoutstandingbasic": 343893000,
        "weightedaveragenumberofdilutedsharesoutstanding": 343893000
    },
    {
        "date": "2016-06-29",
        "symbol": "SQ",
        "period": "Q2",
        "netincomeloss": -27345000,
        "othercomprehensiveincomeforeigncurrencytransactionandtranslationadjustmentnetoftaxportionattributabletoparent": 85000,
        "adjustmentforlongtermintercompanytransactionsnetoftax": 329000,
        "othercomprehensiveincomeavailableforsalesecuritiesadjustmentnetoftaxportionattributabletoparent": 4000,
        "comprehensiveincomenetoftax": -26927000,
        "salesrevenueservicesnet": 29717000,
        "salesrevenuegoodsnet": 11085000,
        "salesrevenuenet": 16725000,
        "costofservices": 10144000,
        "costofgoodssold": 14015000,
        "costofservicesamortization": 1886000,
        "costofrevenue": 289574000,
        "grossprofit": 148959000,
        "researchanddevelopmentexpense": 68638000,
        "sellingandmarketingexpense": 39220000,
        "generalandadministrativeexpense": 50784000,
        "transactionloanandadvancelosses": 1600000,
        "amortizationofintangibleassets": 222000,
        "operatingexpenses": 176319000,
        "operatingincomeloss": -27360000,
        "interestincomeexpensenet": 129000,
        "nonoperatingincomeexpense": 198000,
        "incomelossfromcontinuingoperationsbeforeincometaxesextraordinaryitemsnoncontrollinginterest": -27033000,
        "incometaxexpensebenefit": 312000,
        "earningspersharebasic": -0.08,
        "earningspersharediluted": -0.08,
        "weightedaveragenumberofsharesoutstandingbasic": 334488000,
        "weightedaveragenumberofdilutedsharesoutstanding": 334488000
    },
    {
        "date": "2016-03-30",
        "symbol": "SQ",
        "period": "Q1",
        "netincomeloss": -96755000,
        "othercomprehensiveincomeforeigncurrencytransactionandtranslationadjustmentnetoftaxportionattributabletoparent": 510000,
        "adjustmentforlongtermintercompanytransactionsnetoftax": 253000,
        "othercomprehensiveincomeavailableforsalesecuritiesadjustmentnetoftaxportionattributabletoparent": 76000,
        "comprehensiveincomenetoftax": -95916000,
        "salesrevenueservicesnet": 23796000,
        "salesrevenuegoodsnet": 16182000,
        "salesrevenuenet": 379269000,
        "costofservices": 9033000,
        "costofgoodssold": 26740000,
        "costofservicesamortization": 2370000,
        "costofrevenue": 269029000,
        "grossprofit": 110240000,
        "researchanddevelopmentexpense": 64592000,
        "sellingandmarketingexpense": 38496000,
        "generalandadministrativeexpense": 96107000,
        "transactionandadvancelosses": 7861000,
        "amortizationofintangibleassets": 317000,
        "operatingexpenses": 207373000,
        "operatingincomeloss": -97133000,
        "interestincomeexpensenet": -69000,
        "nonoperatingincomeexpense": 786000,
        "incomelossfromcontinuingoperationsbeforeincometaxesextraordinaryitemsnoncontrollinginterest": -96416000,
        "incometaxexpensebenefit": 339000,
        "earningspersharebasic": -0.29,
        "earningspersharediluted": -0.29,
        "weightedaveragenumberofsharesoutstandingbasic": 331324000,
        "weightedaveragenumberofdilutedsharesoutstanding": 331324000
    }
]