[
    {
        "date": "2024-09-29",
        "symbol": "ADP",
        "period": "Q1",
        "revenuefromcontractwithcustomerexcludingassessedtax": 4832700000,
        "operatingcostsandexpenses": 2285800000,
        "researchanddevelopmentexpense": 232600000,
        "costofgoodsandservicessolddepreciationandamortization": 115300000,
        "costofgoodsandservicessold": 2633700000,
        "sellinggeneralandadministrativeexpense": 926700000,
        "interestexpense": 137800000,
        "costsandexpenses": 3698200000,
        "nonoperatingincomeexpense": 101700000,
        "incomelossfromcontinuingoperationsbeforeincometaxesextraordinaryitemsnoncontrollinginterest": 1236200000,
        "incometaxexpensebenefit": 279900000,
        "netincomeloss": 956300000,
        "earningspersharebasic": 2.34,
        "earningspersharediluted": 2.34,
        "weightedaveragenumberofsharesoutstandingbasic": 407900000,
        "weightedaveragenumberofdilutedsharesoutstanding": 409500000,
        "directpassthroughcostspeorevenues": 17193600000,
        "othercomprehensiveincomeforeigncurrencytransactionandtranslationgainlossarisingduringperiodnetoftax": 49200000,
        "othercomprehensiveincomeunrealizedholdinggainlossonsecuritiesarisingduringperiodbeforetax": 864400000,
        "othercomprehensiveincomeunrealizedholdinggainlossonsecuritiesarisingduringperiodtax": 197900000,
        "othercomprehensiveincomelossreclassificationadjustmentfromaociforsaleofsecuritiesbeforetax": -200000,
        "othercomprehensiveincomelosscashflowhedgegainlossbeforereclassificationandtax": -12500000,
        "othercomprehensiveincomelosscashflowhedgegainlossbeforereclassificationtax": -3100000,
        "othercomprehensiveincomelosscashflowhedgegainlossreclassificationbeforetax": -1100000,
        "othercomprehensiveincomelosscashflowhedgegainlossreclassificationtax": -300000,
        "othercomprehensiveincomelossreclassificationadjustmentfromaocipensionandotherpostretirementbenefitplansbeforetax": 1100000,
        "othercomprehensiveincomelossreclassificationadjustmentfromaocipensionandotherpostretirementbenefitplanstax": 300000,
        "othercomprehensiveincomelossnetoftax": 708100000,
        "comprehensiveincomenetoftax": 1664400000
    },
    {
        "date": "2024-03-30",
        "symbol": "ADP",
        "period": "Q3",
        "revenuefromcontractwithcustomerexcludingassessedtax": 3270300000,
        "operatingcostsandexpenses": 2406500000,
        "researchanddevelopmentexpense": 242700000,
        "costofgoodsandservicessolddepreciationandamortization": 119000000,
        "costofgoodsandservicessold": 2768200000,
        "sellinggeneralandadministrativeexpense": 940900000,
        "interestexpense": 62700000,
        "costsandexpenses": 3771800000,
        "nonoperatingincomeexpense": 64300000,
        "incomelossfromcontinuingoperationsbeforeincometaxesextraordinaryitemsnoncontrollinginterest": 1546300000,
        "incometaxexpensebenefit": 361400000,
        "netincomeloss": 1184900000,
        "earningspersharebasic": 2.89,
        "earningspersharediluted": 2.88,
        "weightedaveragenumberofsharesoutstandingbasic": 410500000,
        "weightedaveragenumberofdilutedsharesoutstanding": 412100000,
        "directpassthroughcostspeorevenues": 18339600000,
        "othercomprehensiveincomeforeigncurrencytransactionandtranslationgainlossarisingduringperiodnetoftax": -37400000,
        "othercomprehensiveincomeunrealizedholdinggainlossonsecuritiesarisingduringperiodbeforetax": -91000000,
        "othercomprehensiveincomeunrealizedholdinggainlossonsecuritiesarisingduringperiodtax": -19100000,
        "othercomprehensiveincomelossreclassificationadjustmentfromaociforsaleofsecuritiesbeforetax": -1200000,
        "othercomprehensiveincomelossreclassificationadjustmentfromaociforsaleofsecuritiestax": -200000,
        "othercomprehensiveincomelosscashflowhedgegainlossreclassificationbeforetax": -1100000,
        "othercomprehensiveincomelosscashflowhedgegainlossreclassificationtax": -300000,
        "othercomprehensiveincomelossreclassificationadjustmentfromaocipensionandotherpostretirementbenefitplansbeforetax": 1000000,
        "othercomprehensiveincomelossreclassificationadjustmentfromaocipensionandotherpostretirementbenefitplanstax": 200000,
        "othercomprehensiveincomelossnetoftax": -106700000,
        "comprehensiveincomenetoftax": 1078200000
    },
    {
        "date": "2023-12-30",
        "symbol": "ADP",
        "period": "Q2",
        "revenuefromcontractwithcustomerexcludingassessedtax": 2898600000,
        "operatingcostsandexpenses": 2213300000,
        "researchanddevelopmentexpense": 228700000,
        "costofgoodsandservicessolddepreciationandamortization": 119600000,
        "costofgoodsandservicessold": 2561600000,
        "sellinggeneralandadministrativeexpense": 922500000,
        "interestexpense": 104900000,
        "costsandexpenses": 3589000000,
        "nonoperatingincomeexpense": 64800000,
        "incomelossfromcontinuingoperationsbeforeincometaxesextraordinaryitemsnoncontrollinginterest": 1143800000,
        "incometaxexpensebenefit": 265400000,
        "netincomeloss": 878400000,
        "earningspersharebasic": 2.14,
        "earningspersharediluted": 2.13,
        "weightedaveragenumberofsharesoutstandingbasic": 411100000,
        "weightedaveragenumberofdilutedsharesoutstanding": 412500000,
        "directpassthroughcostspeorevenues": 18379200000,
        "othercomprehensiveincomeforeigncurrencytransactionandtranslationgainlossarisingduringperiodnetoftax": 53900000,
        "othercomprehensiveincomeunrealizedholdinggainlossonsecuritiesarisingduringperiodbeforetax": 860500000,
        "othercomprehensiveincomeunrealizedholdinggainlossonsecuritiesarisingduringperiodtax": 194900000,
        "othercomprehensiveincomelossreclassificationadjustmentfromaociforsaleofsecuritiesbeforetax": -2000000,
        "othercomprehensiveincomelossreclassificationadjustmentfromaociforsaleofsecuritiestax": -500000,
        "othercomprehensiveincomelosscashflowhedgegainlossreclassificationbeforetax": -1100000,
        "othercomprehensiveincomelosscashflowhedgegainlossreclassificationtax": -200000,
        "othercomprehensiveincomelossreclassificationadjustmentfromaocipensionandotherpostretirementbenefitplansbeforetax": 900000,
        "othercomprehensiveincomelossreclassificationadjustmentfromaocipensionandotherpostretirementbenefitplanstax": 200000,
        "othercomprehensiveincomelossnetoftax": 722600000,
        "comprehensiveincomenetoftax": 1601000000
    },
    {
        "date": "2023-09-29",
        "symbol": "ADP",
        "period": "Q1",
        "revenuefromcontractwithcustomerexcludingassessedtax": 2843000000,
        "operatingcostsandexpenses": 2157600000,
        "researchanddevelopmentexpense": 236500000,
        "costofgoodsandservicessolddepreciationandamortization": 121300000,
        "costofgoodsandservicessold": 2515400000,
        "sellinggeneralandadministrativeexpense": 880300000,
        "interestexpense": 91600000,
        "costsandexpenses": 3487300000,
        "nonoperatingincomeexpense": 67700000,
        "incomelossfromcontinuingoperationsbeforeincometaxesextraordinaryitemsnoncontrollinginterest": 1092800000,
        "incometaxexpensebenefit": 233400000,
        "netincomeloss": 859400000,
        "earningspersharebasic": 2.09,
        "earningspersharediluted": 2.08,
        "weightedaveragenumberofsharesoutstandingbasic": 411700000,
        "weightedaveragenumberofdilutedsharesoutstanding": 413600000,
        "directpassthroughcostspeorevenues": 15994600000,
        "othercomprehensiveincomeforeigncurrencytransactionandtranslationgainlossarisingduringperiodnetoftax": -44600000,
        "othercomprehensiveincomeunrealizedholdinggainlossonsecuritiesarisingduringperiodbeforetax": -150600000,
        "othercomprehensiveincomeunrealizedholdinggainlossonsecuritiesarisingduringperiodtax": -30100000,
        "othercomprehensiveincomelossreclassificationadjustmentfromaociforsaleofsecuritiesbeforetax": -1900000,
        "othercomprehensiveincomelossreclassificationadjustmentfromaociforsaleofsecuritiestax": -400000,
        "othercomprehensiveincomelosscashflowhedgegainlossreclassificationbeforetax": -1100000,
        "othercomprehensiveincomelosscashflowhedgegainlossreclassificationtax": -300000,
        "othercomprehensiveincomelossreclassificationadjustmentfromaocipensionandotherpostretirementbenefitplansbeforetax": 1000000,
        "othercomprehensiveincomelossreclassificationadjustmentfromaocipensionandotherpostretirementbenefitplanstax": 200000,
        "othercomprehensiveincomelossnetoftax": -162000000,
        "comprehensiveincomenetoftax": 697400000
    },
    {
        "date": "2023-06-29",
        "symbol": "ADP",
        "period": "Q4",
        "revenuefromcontractwithcustomerexcludingassessedtax": -3000000,
        "operatingcostsandexpenses": 2148700000,
        "systemsdevelopmentprogrammingcosts": 222200000,
        "costofgoodsandservicessolddepreciationandamortization": 114400000,
        "costofgoodsandservicessold": 2485300000,
        "sellinggeneralandadministrativeexpense": 957200000,
        "interestexpense": 106900000,
        "costsandexpenses": 3549400000,
        "nonoperatingincomeexpense": 77200000,
        "incomelossfromcontinuingoperationsbeforeincometaxesextraordinaryitemsnoncontrollinginterest": -156300000,
        "incometaxexpensebenefit": 228899999.99999988,
        "netincomeloss": 776700000,
        "earningspersharebasic": 1.8899999999999997,
        "earningspersharediluted": 1.8800000000000008,
        "weightedaveragenumberofsharesoutstandingbasic": -500000,
        "weightedaveragenumberofdilutedsharesoutstanding": -500000,
        "directpassthroughcostspeorevenues": 16043300000,
        "othercomprehensiveincomeforeigncurrencytransactionandtranslationgainlossarisingduringperiodnetoftax": 11400000,
        "othercomprehensiveincomeunrealizedholdinggainlossonsecuritiesarisingduringperiodbeforetax": -299400000,
        "othercomprehensiveincomeunrealizedholdinggainlossonsecuritiesarisingduringperiodtax": -65400000,
        "othercomprehensiveincomelossreclassificationadjustmentfromaociforsaleofsecuritiesbeforetax": -800000,
        "othercomprehensiveincomelossreclassificationadjustmentfromaociforsaleofsecuritiestax": -200000,
        "othercomprehensiveincomelosscashflowhedgegainlossreclassificationbeforetax": -1100000,
        "othercomprehensiveincomelosscashflowhedgegainlossreclassificationtax": -300000,
        "othercomprehensiveincomelossreclassificationadjustmentfromaocipensionandotherpostretirementbenefitplansbeforetax": -4600000,
        "othercomprehensiveincomelossnetoftax": -178000000,
        "comprehensiveincomenetoftax": 598700000
    },
    {
        "date": "2023-03-30",
        "symbol": "ADP",
        "period": "Q3",
        "revenuefromcontractwithcustomerexcludingassessedtax": -3400000,
        "operatingcostsandexpenses": 2299800000,
        "systemsdevelopmentprogrammingcosts": 208600000,
        "costofgoodsandservicessolddepreciationandamortization": 115400000,
        "costofgoodsandservicessold": 2623800000,
        "sellinggeneralandadministrativeexpense": 938200000,
        "interestexpense": 38200000,
        "costsandexpenses": 3600200000,
        "nonoperatingincomeexpense": 36300000,
        "incomelossfromcontinuingoperationsbeforeincometaxesextraordinaryitemsnoncontrollinginterest": -141700000,
        "incometaxexpensebenefit": 320700000,
        "netincomeloss": 1043200000,
        "earningspersharebasic": 2.5200000000000005,
        "earningspersharediluted": 2.51,
        "weightedaveragenumberofsharesoutstandingbasic": -414700000,
        "weightedaveragenumberofdilutedsharesoutstanding": -416900000,
        "directpassthroughcostspeorevenues": 17301800000,
        "othercomprehensiveincomeforeigncurrencytransactionandtranslationgainlossarisingduringperiodnetoftax": 15600000,
        "othercomprehensiveincomeunrealizedholdinggainlossonsecuritiesarisingduringperiodbeforetax": 392000000,
        "othercomprehensiveincomeunrealizedholdinggainlossonsecuritiesarisingduringperiodtax": 86700000,
        "othercomprehensiveincomelossreclassificationadjustmentfromaociforsaleofsecuritiesbeforetax": -900000,
        "othercomprehensiveincomelossreclassificationadjustmentfromaociforsaleofsecuritiestax": -100000,
        "othercomprehensiveincomelosscashflowhedgegainlossreclassificationbeforetax": -1100000,
        "othercomprehensiveincomelosscashflowhedgegainlossreclassificationtax": -300000,
        "othercomprehensiveincomelossreclassificationadjustmentfromaocipensionandotherpostretirementbenefitplansbeforetax": 600000,
        "othercomprehensiveincomelossreclassificationadjustmentfromaocipensionandotherpostretirementbenefitplanstax": 0,
        "othercomprehensiveincomelossnetoftax": 323100000,
        "comprehensiveincomenetoftax": 1366300000
    },
    {
        "date": "2022-12-30",
        "symbol": "ADP",
        "period": "Q2",
        "revenuefromcontractwithcustomerexcludingassessedtax": -4200000,
        "operatingcostsandexpenses": 2134500000,
        "systemsdevelopmentprogrammingcosts": 204200000,
        "costofgoodsandservicessolddepreciationandamortization": 112000000,
        "costofgoodsandservicessold": 2450700000,
        "sellinggeneralandadministrativeexpense": 855700000,
        "interestexpense": 57000000,
        "costsandexpenses": 3363400000,
        "nonoperatingincomeexpense": 30500000,
        "incomelossfromcontinuingoperationsbeforeincometaxesextraordinaryitemsnoncontrollinginterest": -132100000,
        "incometaxexpensebenefit": 245000000,
        "netincomeloss": 813100000,
        "earningspersharebasic": 1.96,
        "earningspersharediluted": 1.95,
        "weightedaveragenumberofsharesoutstandingbasic": 414300000,
        "weightedaveragenumberofdilutedsharesoutstanding": 416200000,
        "directpassthroughcostspeorevenues": 17852400000,
        "othercomprehensiveincomeforeigncurrencytransactionandtranslationgainlossarisingduringperiodnetoftax": 71100000,
        "othercomprehensiveincomeunrealizedholdinggainlossonsecuritiesarisingduringperiodbeforetax": 242200000,
        "othercomprehensiveincomeunrealizedholdinggainlossonsecuritiesarisingduringperiodtax": 51200000,
        "othercomprehensiveincomelossreclassificationadjustmentfromaociforsaleofsecuritiesbeforetax": -11500000,
        "othercomprehensiveincomelossreclassificationadjustmentfromaociforsaleofsecuritiestax": -2700000,
        "othercomprehensiveincomelosscashflowhedgegainlossreclassificationbeforetax": -1100000,
        "othercomprehensiveincomelosscashflowhedgegainlossreclassificationtax": -200000,
        "othercomprehensiveincomelossreclassificationadjustmentfromaocipensionandotherpostretirementbenefitplansbeforetax": 1500000,
        "othercomprehensiveincomelossreclassificationadjustmentfromaocipensionandotherpostretirementbenefitplanstax": 100000,
        "othercomprehensiveincomelossnetoftax": 273200000,
        "comprehensiveincomenetoftax": 1086300000
    },
    {
        "date": "2022-09-29",
        "symbol": "ADP",
        "period": "Q1",
        "revenuefromcontractwithcustomerexcludingassessedtax": -4000000,
        "operatingcostsandexpenses": 2074400000,
        "systemsdevelopmentprogrammingcosts": 209800000,
        "costofgoodsandservicessolddepreciationandamortization": 109400000,
        "costofgoodsandservicessold": 2393600000,
        "sellinggeneralandadministrativeexpense": 800300000,
        "interestexpense": 51200000,
        "costsandexpenses": 3245100000,
        "nonoperatingincomeexpense": 39500000,
        "incomelossfromcontinuingoperationsbeforeincometaxesextraordinaryitemsnoncontrollinginterest": -83800000,
        "incometaxexpensebenefit": 231000000,
        "netincomeloss": 779000000,
        "earningspersharebasic": 1.88,
        "earningspersharediluted": 1.87,
        "weightedaveragenumberofsharesoutstandingbasic": 414600000,
        "weightedaveragenumberofdilutedsharesoutstanding": 416900000,
        "directpassthroughcostspeorevenues": 15534200000,
        "othercomprehensiveincomeforeigncurrencytransactionandtranslationgainlossarisingduringperiodnetoftax": -84700000,
        "othercomprehensiveincomeunrealizedholdinggainlossonsecuritiesarisingduringperiodbeforetax": -835100000,
        "othercomprehensiveincomeunrealizedholdinggainlossonsecuritiesarisingduringperiodtax": -185800000,
        "othercomprehensiveincomelossreclassificationadjustmentfromaociforsaleofsecuritiesbeforetax": -1500000,
        "othercomprehensiveincomelossreclassificationadjustmentfromaociforsaleofsecuritiestax": -300000,
        "othercomprehensiveincomelosscashflowhedgegainlossreclassificationbeforetax": -1100000,
        "othercomprehensiveincomelosscashflowhedgegainlossreclassificationtax": -300000,
        "othercomprehensiveincomelossreclassificationadjustmentfromaocipensionandotherpostretirementbenefitplansbeforetax": 2100000,
        "othercomprehensiveincomelossreclassificationadjustmentfromaocipensionandotherpostretirementbenefitplanstax": 500000,
        "othercomprehensiveincomelossnetoftax": -730400000,
        "comprehensiveincomenetoftax": 48600000
    },
    {
        "date": "2022-06-29",
        "symbol": "ADP",
        "period": "Q4",
        "revenuefromcontractwithcustomerexcludingassessedtax": -4300000,
        "operatingcostsandexpenses": 2068600000,
        "systemsdevelopmentprogrammingcosts": 212800000,
        "costofgoodsandservicessolddepreciationandamortization": 104500000,
        "costofgoodsandservicessold": 2385900000,
        "sellinggeneralandadministrativeexpense": 914200000,
        "interestexpense": 26600000,
        "costsandexpenses": 3326700000,
        "nonoperatingincomeexpense": 2400000,
        "incomelossfromcontinuingoperationsbeforeincometaxesextraordinaryitemsnoncontrollinginterest": -144300000,
        "incometaxexpensebenefit": 177800000,
        "netincomeloss": 625500000,
        "earningspersharebasic": 1.5100000000000005,
        "earningspersharediluted": 1.4900000000000002,
        "weightedaveragenumberofsharesoutstandingbasic": -840500000,
        "weightedaveragenumberofdilutedsharesoutstanding": -844900000,
        "directpassthroughcostspeorevenues": 15755400000,
        "othercomprehensiveincomeforeigncurrencytransactionandtranslationgainlossarisingduringperiodnetoftax": -61700000,
        "othercomprehensiveincomeunrealizedholdinggainlossonsecuritiesarisingduringperiodbeforetax": -657600000,
        "othercomprehensiveincomeunrealizedholdinggainlossonsecuritiesarisingduringperiodtax": -147700000,
        "othercomprehensiveincomelossreclassificationadjustmentfromaociforsaleofsecuritiesbeforetax": -4600000,
        "othercomprehensiveincomelosscashflowhedgegainlossreclassificationbeforetax": -1100000,
        "othercomprehensiveincomelosscashflowhedgegainlossreclassificationtax": -200000,
        "othercomprehensiveincomelossreclassificationadjustmentfromaocipensionandotherpostretirementbenefitplansbeforetax": 12100000,
        "othercomprehensiveincomelossreclassificationadjustmentfromaocipensionandotherpostretirementbenefitplanstax": 3900000,
        "othercomprehensiveincomelossnetoftax": -731400000,
        "comprehensiveincomenetoftax": -105900000
    },
    {
        "date": "2022-03-30",
        "symbol": "ADP",
        "period": "Q3",
        "revenuefromcontractwithcustomerexcludingassessedtax": -2800000,
        "operatingcostsandexpenses": 2212500000,
        "systemsdevelopmentprogrammingcosts": 197300000,
        "costofgoodsandservicessolddepreciationandamortization": 102400000,
        "costofgoodsandservicessold": 2512200000,
        "sellinggeneralandadministrativeexpense": 817500000,
        "interestexpense": 18400000,
        "costsandexpenses": 3348100000,
        "nonoperatingincomeexpense": 25000000,
        "incomelossfromcontinuingoperationsbeforeincometaxesextraordinaryitemsnoncontrollinginterest": -133000000,
        "incometaxexpensebenefit": 261399999.99999997,
        "netincomeloss": 928500000,
        "earningspersharebasic": 2.22,
        "earningspersharediluted": 2.21,
        "weightedaveragenumberofsharesoutstandingbasic": 418100000,
        "weightedaveragenumberofdilutedsharesoutstanding": 420200000,
        "directpassthroughcostspeorevenues": 16826599999.999998,
        "othercomprehensiveincomeforeigncurrencytransactionandtranslationgainlossarisingduringperiodnetoftax": -14200000,
        "othercomprehensiveincomeunrealizedholdinggainlossonsecuritiesarisingduringperiodbeforetax": -1192500000,
        "othercomprehensiveincomeunrealizedholdinggainlossonsecuritiesarisingduringperiodtax": -270300000,
        "othercomprehensiveincomelossreclassificationadjustmentfromaociforsaleofsecuritiesbeforetax": -300000,
        "othercomprehensiveincomelossreclassificationadjustmentfromaociforsaleofsecuritiestax": -100000,
        "othercomprehensiveincomelosscashflowhedgegainlossreclassificationbeforetax": -1100000,
        "othercomprehensiveincomelosscashflowhedgegainlossreclassificationtax": -300000,
        "othercomprehensiveincomelossreclassificationadjustmentfromaocipensionandotherpostretirementbenefitplansbeforetax": 1900000,
        "othercomprehensiveincomelossreclassificationadjustmentfromaocipensionandotherpostretirementbenefitplanstax": 400000,
        "othercomprehensiveincomelossnetoftax": -933900000,
        "comprehensiveincomenetoftax": -5400000
    },
    {
        "date": "2021-12-30",
        "symbol": "ADP",
        "period": "Q2",
        "revenuefromcontractwithcustomerexcludingassessedtax": -4700000,
        "operatingcostsandexpenses": 2040700000,
        "systemsdevelopmentprogrammingcosts": 199700000,
        "costofgoodsandservicessolddepreciationandamortization": 100800000,
        "costofgoodsandservicessold": 2341200000,
        "sellinggeneralandadministrativeexpense": 782300000,
        "interestexpense": 18400000,
        "costsandexpenses": 3141900000,
        "nonoperatingincomeexpense": 26600000,
        "incomelossfromcontinuingoperationsbeforeincometaxesextraordinaryitemsnoncontrollinginterest": -119900000,
        "incometaxexpensebenefit": 215700000,
        "netincomeloss": 694400000,
        "earningspersharebasic": 1.65,
        "earningspersharediluted": 1.65,
        "weightedaveragenumberofsharesoutstandingbasic": 419800000,
        "weightedaveragenumberofdilutedsharesoutstanding": 422000000,
        "directpassthroughcostspeorevenues": 16774000000,
        "othercomprehensiveincomeforeigncurrencytransactionandtranslationgainlossarisingduringperiodnetoftax": -16399999.999999998,
        "othercomprehensiveincomeunrealizedholdinggainlossonsecuritiesarisingduringperiodbeforetax": -247600000,
        "othercomprehensiveincomeunrealizedholdinggainlossonsecuritiesarisingduringperiodtax": -56400000,
        "othercomprehensiveincomelossreclassificationadjustmentfromaociforsaleofsecuritiesbeforetax": 400000,
        "othercomprehensiveincomelossreclassificationadjustmentfromaociforsaleofsecuritiestax": 100000,
        "othercomprehensiveincomelosscashflowhedgegainlossreclassificationbeforetax": -1100000,
        "othercomprehensiveincomelosscashflowhedgegainlossreclassificationtax": -300000,
        "othercomprehensiveincomelossreclassificationadjustmentfromaocipensionandotherpostretirementbenefitplansbeforetax": 1900000,
        "othercomprehensiveincomelossreclassificationadjustmentfromaocipensionandotherpostretirementbenefitplanstax": 300000,
        "othercomprehensiveincomelossnetoftax": -205500000,
        "comprehensiveincomenetoftax": 488900000
    },
    {
        "date": "2021-09-29",
        "symbol": "ADP",
        "period": "Q1",
        "revenuefromcontractwithcustomerexcludingassessedtax": -3300000,
        "operatingcostsandexpenses": 1930800000,
        "systemsdevelopmentprogrammingcosts": 188800000,
        "costofgoodsandservicessolddepreciationandamortization": 103000000,
        "costofgoodsandservicessold": 2222600000,
        "sellinggeneralandadministrativeexpense": 719200000,
        "interestexpense": 18500000,
        "costsandexpenses": 2960300000,
        "nonoperatingincomeexpense": 28800000,
        "incomelossfromcontinuingoperationsbeforeincometaxesextraordinaryitemsnoncontrollinginterest": -76200000,
        "incometaxexpensebenefit": 200300000,
        "netincomeloss": 700500000,
        "earningspersharebasic": 1.66,
        "earningspersharediluted": 1.65,
        "weightedaveragenumberofsharesoutstandingbasic": 421400000,
        "weightedaveragenumberofdilutedsharesoutstanding": 423800000,
        "directpassthroughcostspeorevenues": 13263200000,
        "othercomprehensiveincomeforeigncurrencytransactionandtranslationgainlossarisingduringperiodnetoftax": -35100000,
        "othercomprehensiveincomeunrealizedholdinggainlossonsecuritiesarisingduringperiodbeforetax": -130300000.00000001,
        "othercomprehensiveincomeunrealizedholdinggainlossonsecuritiesarisingduringperiodtax": -29300000,
        "othercomprehensiveincomelossreclassificationadjustmentfromaociforsaleofsecuritiesbeforetax": 100000,
        "othercomprehensiveincomelosscashflowhedgegainlossreclassificationbeforetax": -1100000,
        "othercomprehensiveincomelosscashflowhedgegainlossreclassificationtax": -300000,
        "othercomprehensiveincomelossreclassificationadjustmentfromaocipensionandotherpostretirementbenefitplansbeforetax": 2200000,
        "othercomprehensiveincomelossreclassificationadjustmentfromaocipensionandotherpostretirementbenefitplanstax": 300000,
        "othercomprehensiveincomelossnetoftax": -133500000,
        "comprehensiveincomenetoftax": 567000000
    },
    {
        "date": "2021-06-29",
        "symbol": "ADP",
        "period": "Q4",
        "operatingcostsandexpenses": 1911200000,
        "systemsdevelopmentprogrammingcosts": 194800000,
        "costofgoodsandservicessolddepreciationandamortization": 99500000,
        "costofgoodsandservicessold": 2205500000,
        "sellinggeneralandadministrativeexpense": 840700000,
        "interestexpense": 17300000,
        "costsandexpenses": 3063500000,
        "nonoperatingincomeexpense": 23600000,
        "incomelossfromcontinuingoperationsbeforeincometaxesminorityinterestandincomelossfromequitymethodinvestments": -100500000,
        "incometaxexpensebenefit": 158900000,
        "netincomeloss": 538199999.9999998,
        "earningspersharebasic": 1.2799999999999994,
        "earningspersharediluted": 1.2700000000000005,
        "weightedaveragenumberofsharesoutstandingbasic": -1000000,
        "weightedaveragenumberofdilutedsharesoutstanding": -800000,
        "directpassthroughcostspeorevenues": 13102800000,
        "othercomprehensiveincomeforeigncurrencytransactionandtranslationgainlossarisingduringperiodnetoftax": 10600000,
        "othercomprehensiveincomeunrealizedholdinggainlossonsecuritiesarisingduringperiodbeforetax": 57900000,
        "othercomprehensiveincomeunrealizedholdinggainlossonsecuritiesarisingduringperiodtax": 12100000,
        "othercomprehensiveincomelossreclassificationadjustmentfromaociforsaleofsecuritiesbeforetax": 3700000,
        "othercomprehensiveincomelossreclassificationadjustmentfromaociforsaleofsecuritiestax": 800000,
        "othercomprehensiveincomelosscashflowhedgegainlossreclassificationbeforetax": -1100000,
        "othercomprehensiveincomelossreclassificationadjustmentfromaocipensionandotherpostretirementbenefitplansbeforetax": 1500000,
        "othercomprehensiveincomelossreclassificationadjustmentfromaocipensionandotherpostretirementbenefitplanstax": 0,
        "othercomprehensiveincomelossnetoftax": 268300000,
        "comprehensiveincomenetoftax": 806500000
    },
    {
        "date": "2021-03-30",
        "symbol": "ADP",
        "period": "Q3",
        "operatingcostsandexpenses": 1999500000,
        "systemsdevelopmentprogrammingcosts": 178599999.99999994,
        "costofgoodsandservicessolddepreciationandamortization": 99900000,
        "costofgoodsandservicessold": 2278000000,
        "sellinggeneralandadministrativeexpense": 762900000,
        "interestexpense": 13400000,
        "costsandexpenses": 3054300000,
        "nonoperatingincomeexpense": 18700000,
        "incomelossfromcontinuingoperationsbeforeincometaxesminorityinterestandincomelossfromequitymethodinvestments": -112400000,
        "incometaxexpensebenefit": 255600000,
        "netincomeloss": 810700000.0000002,
        "earningspersharebasic": 1.9000000000000004,
        "earningspersharediluted": 1.8899999999999997,
        "weightedaveragenumberofsharesoutstandingbasic": -700000,
        "weightedaveragenumberofdilutedsharesoutstanding": -600000,
        "directpassthroughcostspeorevenues": 13894600000,
        "othercomprehensiveincomeforeigncurrencytransactionandtranslationgainlossarisingduringperiodnetoftax": -27500000,
        "othercomprehensiveincomeunrealizedholdinggainlossonsecuritiesarisingduringperiodbeforetax": -352500000,
        "othercomprehensiveincomeunrealizedholdinggainlossonsecuritiesarisingduringperiodtax": -79200000,
        "othercomprehensiveincomelossreclassificationadjustmentfromaociforsaleofsecuritiesbeforetax": -400000,
        "othercomprehensiveincomelossreclassificationadjustmentfromaociforsaleofsecuritiestax": -100000,
        "othercomprehensiveincomelosscashflowhedgegainlossreclassificationbeforetax": -1000000,
        "othercomprehensiveincomelossreclassificationadjustmentfromaocipensionandotherpostretirementbenefitplansbeforetax": 2800000,
        "othercomprehensiveincomelossreclassificationadjustmentfromaocipensionandotherpostretirementbenefitplanstax": 1100000,
        "othercomprehensiveincomelossnetoftax": -298000000,
        "comprehensiveincomenetoftax": 512700000
    },
    {
        "date": "2020-12-30",
        "symbol": "ADP",
        "period": "Q2",
        "operatingcostsandexpenses": 1847900000,
        "systemsdevelopmentprogrammingcosts": 174500000,
        "costofgoodsandservicessolddepreciationandamortization": 100100000,
        "costofgoodsandservicessold": 2122500000,
        "sellinggeneralandadministrativeexpense": 755900000,
        "interestexpense": 13900000,
        "costsandexpenses": 2892300000,
        "nonoperatingincomeexpense": 29100000,
        "incomelossfromcontinuingoperationsbeforeincometaxesminorityinterestandincomelossfromequitymethodinvestments": -113300000,
        "incometaxexpensebenefit": 185100000,
        "netincomeloss": 647500000,
        "earningspersharebasic": 1.52,
        "earningspersharediluted": 1.5100000000000002,
        "weightedaveragenumberofsharesoutstandingbasic": -600000,
        "weightedaveragenumberofdilutedsharesoutstanding": -500000,
        "directpassthroughcostspeorevenues": 13439100000,
        "othercomprehensiveincomeforeigncurrencytransactionandtranslationgainlossarisingduringperiodnetoftax": 61900000,
        "othercomprehensiveincomeunrealizedholdinggainlossonsecuritiesarisingduringperiodbeforetax": -44100000,
        "othercomprehensiveincomeunrealizedholdinggainlossonsecuritiesarisingduringperiodtax": -10000000,
        "othercomprehensiveincomelossreclassificationadjustmentfromaociforsaleofsecuritiesbeforetax": 7700000,
        "othercomprehensiveincomelossreclassificationadjustmentfromaociforsaleofsecuritiestax": 1700000,
        "othercomprehensiveincomelosscashflowhedgegainlossbeforereclassificationandtax": 0,
        "othercomprehensiveincomelosscashflowhedgegainlossbeforereclassificationtax": 0,
        "othercomprehensiveincomelosscashflowhedgegainlossreclassificationbeforetax": -2300000,
        "othercomprehensiveincomelossreclassificationadjustmentfromaocipensionandotherpostretirementbenefitplansbeforetax": 2500000,
        "othercomprehensiveincomelossreclassificationadjustmentfromaocipensionandotherpostretirementbenefitplanstax": 600000,
        "othercomprehensiveincomelossnetoftax": 24400000,
        "comprehensiveincomenetoftax": 671900000
    },
    {
        "date": "2020-09-29",
        "symbol": "ADP",
        "period": "Q1",
        "revenuesnet": 2269600000,
        "interestonfundsheldclients": 106500000,
        "peorevenues": 1094600000,
        "revenues": -2000000,
        "operatingcostsandexpenses": 1762100000,
        "systemsdevelopmentprogrammingcosts": 168700000,
        "costofgoodsandservicessolddepreciationandamortization": 103500000,
        "costofgoodsandservicessold": 2034300000,
        "sellinggeneralandadministrativeexpense": 681000000,
        "interestexpense": 15100000,
        "costsandexpenses": 2730400000,
        "nonoperatingincomeexpense": 24900000,
        "incomelossfromcontinuingoperationsbeforeincometaxesminorityinterestandincomelossfromequitymethodinvestments": -83500000,
        "incometaxexpensebenefit": 163100000,
        "netincomeloss": 602100000,
        "earningspersharebasic": 1.4,
        "earningspersharediluted": 1.4,
        "weightedaveragenumberofsharesoutstandingbasic": 428600000,
        "weightedaveragenumberofdilutedsharesoutstanding": 430000000,
        "directpassthroughcostspeorevenues": 10925800000,
        "othercomprehensiveincomeforeigncurrencytransactionandtranslationgainlossarisingduringperiodnetoftax": 50400000,
        "othercomprehensiveincomeunrealizedholdinggainlossonsecuritiesarisingduringperiodbeforetax": -24600000,
        "othercomprehensiveincomeunrealizedholdinggainlossonsecuritiesarisingduringperiodtax": -5500000,
        "othercomprehensiveincomelossreclassificationadjustmentfromaociforsaleofsecuritiesbeforetax": 300000,
        "othercomprehensiveincomelossreclassificationadjustmentfromaociforsaleofsecuritiestax": 100000,
        "othercomprehensiveincomelosscashflowhedgegainlossbeforereclassificationandtax": -3300000,
        "othercomprehensiveincomelosscashflowhedgegainlossbeforereclassificationtax": -800000,
        "othercomprehensiveincomelosscashflowhedgegainlossreclassificationbeforetax": 600000,
        "othercomprehensiveincomelossreclassificationadjustmentfromaocipensionandotherpostretirementbenefitplansbeforetax": 2500000,
        "othercomprehensiveincomelossreclassificationadjustmentfromaocipensionandotherpostretirementbenefitplanstax": 1000000,
        "othercomprehensiveincomelossnetoftax": 30700000,
        "comprehensiveincomenetoftax": 632800000
    },
    {
        "date": "2020-06-29",
        "symbol": "ADP",
        "period": "Q4",
        "revenuesnet": 2181400000,
        "interestonfundsheldclients": 114700000,
        "peorevenues": 1080700000,
        "revenues": 276100000,
        "operatingcostsandexpenses": 1806300000,
        "systemsdevelopmentprogrammingcosts": 165100000,
        "costofgoodsandservicessolddepreciationandamortization": 95700000,
        "costofgoodsandservicessold": 2067100000,
        "sellinggeneralandadministrativeexpense": 765600000,
        "interestexpense": 15600000,
        "costsandexpenses": 2848300000,
        "nonoperatingincomeexpense": 2800000,
        "incomelossfromcontinuingoperationsbeforeincometaxesminorityinterestandincomelossfromequitymethodinvestments": -175700000,
        "incometaxexpensebenefit": 119700000,
        "netincomeloss": 411600000,
        "earningspersharebasic": 0.9600000000000004,
        "earningspersharediluted": 0.9600000000000002,
        "weightedaveragenumberofsharesoutstandingbasic": -863400000,
        "weightedaveragenumberofdilutedsharesoutstanding": -867800000,
        "directpassthroughcostspeorevenues": 10300300000,
        "othercomprehensiveincomeforeigncurrencytransactionandtranslationgainlossarisingduringperiodnetoftax": 30000000,
        "othercomprehensiveincomeunrealizedholdinggainlossonsecuritiesarisingduringperiodbeforetax": 402300000,
        "othercomprehensiveincomeunrealizedholdinggainlossonsecuritiesarisingduringperiodtax": 90900000,
        "othercomprehensiveincomelossreclassificationadjustmentfromaociforsaleofsecuritiesbeforetax": 1000000,
        "othercomprehensiveincomelossreclassificationadjustmentfromaociforsaleofsecuritiestax": 200000,
        "othercomprehensiveincomelossreclassificationadjustmentfromaocipensionandotherpostretirementbenefitplansbeforetax": 3000000,
        "othercomprehensiveincomelossreclassificationadjustmentfromaocipensionandotherpostretirementbenefitplanstax": 600000,
        "othercomprehensiveincomelossnetoftax": 219600000,
        "comprehensiveincomenetoftax": 631200000
    },
    {
        "date": "2020-03-30",
        "symbol": "ADP",
        "period": "Q3",
        "revenuesnet": 2652100000,
        "interestonfundsheldclients": 158900000,
        "peorevenues": 1236800000,
        "revenues": 4047800000,
        "operatingcostsandexpenses": 1974100000,
        "systemsdevelopmentprogrammingcosts": 172100000,
        "costofgoodsandservicessolddepreciationandamortization": 92900000,
        "costofgoodsandservicessold": 2239100000,
        "sellinggeneralandadministrativeexpense": 756600000,
        "interestexpense": 20000000,
        "costsandexpenses": 3015700000,
        "nonoperatingincomeexpense": 44600000,
        "incomelossfromcontinuingoperationsbeforeincometaxesminorityinterestandincomelossfromequitymethodinvestments": 1076700000,
        "incometaxexpensebenefit": 255800000,
        "netincomeloss": 820900000,
        "earningspersharebasic": 1.91,
        "earningspersharediluted": 1.9,
        "weightedaveragenumberofsharesoutstandingbasic": 430000000,
        "weightedaveragenumberofdilutedsharesoutstanding": 431800000,
        "directpassthroughcostspeorevenues": 12643600000,
        "othercomprehensiveincomeforeigncurrencytransactionandtranslationgainlossarisingduringperiodnetoftax": -68400000,
        "othercomprehensiveincomeunrealizedholdinggainlossonsecuritiesarisingduringperiodbeforetax": 139300000,
        "othercomprehensiveincomeunrealizedholdinggainlossonsecuritiesarisingduringperiodtax": 32200000,
        "othercomprehensiveincomelossreclassificationadjustmentfromaociforsaleofsecuritiesbeforetax": 2500000,
        "othercomprehensiveincomelossreclassificationadjustmentfromaociforsaleofsecuritiestax": 600000,
        "othercomprehensiveincomelosscashflowhedgegainlossbeforereclassificationandtax": -38200000,
        "othercomprehensiveincomelosscashflowhedgegainlossbeforereclassificationtax": -9500000,
        "othercomprehensiveincomelossreclassificationadjustmentfromaocipensionandotherpostretirementbenefitplansbeforetax": -15000000,
        "othercomprehensiveincomelossreclassificationadjustmentfromaocipensionandotherpostretirementbenefitplanstax": -3700000,
        "othercomprehensiveincomelossnetoftax": -3200000,
        "comprehensiveincomenetoftax": 817700000
    },
    {
        "date": "2019-12-30",
        "symbol": "ADP",
        "period": "Q2",
        "netincomeloss": 651600000,
        "othercomprehensiveincomeforeigncurrencytransactionandtranslationgainlossarisingduringperiodnetoftax": 34300000,
        "othercomprehensiveincomeunrealizedholdinggainlossonsecuritiesarisingduringperiodbeforetax": -35500000,
        "othercomprehensiveincomeunrealizedholdinggainlossonsecuritiesarisingduringperiodtax": -7500000,
        "othercomprehensiveincomelossreclassificationadjustmentfromaociforsaleofsecuritiesbeforetax": 7100000,
        "othercomprehensiveincomelossreclassificationadjustmentfromaociforsaleofsecuritiestax": 1600000,
        "othercomprehensiveincomelossreclassificationadjustmentfromaocipensionandotherpostretirementbenefitplansbeforetax": 1900000,
        "othercomprehensiveincomelossreclassificationadjustmentfromaocipensionandotherpostretirementbenefitplanstax": 500000,
        "othercomprehensiveincomelosscashflowhedgegainlossbeforereclassificationandtax": 700000,
        "othercomprehensiveincomelosscashflowhedgegainlossbeforereclassificationtax": 200000,
        "othercomprehensiveincomelossnetoftax": 2700000,
        "comprehensiveincomenetoftax": 654300000,
        "interestonfundsheldclients": 137700000,
        "peorevenues": 1133400000,
        "revenues": 3669500000,
        "revenuesnet": 2398400000,
        "operatingcostsandexpenses": 1836000000,
        "systemsdevelopmentprogrammingcosts": 168700000,
        "costofgoodsandservicessolddepreciationandamortization": 89400000,
        "costofgoodsandservicessold": 2094100000,
        "sellinggeneralandadministrativeexpense": 754300000,
        "interestexpense": 31600000,
        "costsandexpenses": 2880000000,
        "nonoperatingincomeexpense": 46000000,
        "incomelossfromcontinuingoperationsbeforeincometaxesminorityinterestandincomelossfromequitymethodinvestments": 835500000,
        "incometaxexpensebenefit": 183900000,
        "earningspersharebasic": 1.51,
        "earningspersharediluted": 1.5,
        "weightedaveragenumberofsharesoutstandingbasic": 431500000,
        "weightedaveragenumberofdilutedsharesoutstanding": 433300000,
        "directpassthroughcostspeorevenues": 12371600000
    },
    {
        "date": "2019-09-29",
        "symbol": "ADP",
        "period": "Q1",
        "netincomeloss": 582400000,
        "othercomprehensiveincomeforeigncurrencytransactionandtranslationgainlossarisingduringperiodnetoftax": -48900000,
        "othercomprehensiveincomeunrealizedholdinggainlossonsecuritiesarisingduringperiodbeforetax": 96100000,
        "othercomprehensiveincomeunrealizedholdinggainlossonsecuritiesarisingduringperiodtax": 20800000,
        "othercomprehensiveincomelossreclassificationadjustmentfromaociforsaleofsecuritiesbeforetax": 2300000,
        "othercomprehensiveincomelossreclassificationadjustmentfromaociforsaleofsecuritiestax": 500000,
        "othercomprehensiveincomelossreclassificationadjustmentfromaocipensionandotherpostretirementbenefitplansbeforetax": -1700000,
        "othercomprehensiveincomelossreclassificationadjustmentfromaocipensionandotherpostretirementbenefitplanstax": -500000,
        "othercomprehensiveincomelossnetoftax": 23400000,
        "comprehensiveincomenetoftax": 605800000,
        "interestonfundsheldclients": 133900000,
        "peorevenues": 1055600000,
        "revenues": 3495700000,
        "revenuesnet": 2306200000,
        "operatingcostsandexpenses": 1787700000,
        "systemsdevelopmentprogrammingcosts": 168200000,
        "costofgoodsandservicessolddepreciationandamortization": 88900000,
        "costofgoodsandservicessold": 2044800000,
        "sellinggeneralandadministrativeexpense": 726500000,
        "interestexpense": 39900000,
        "costsandexpenses": 2811200000,
        "nonoperatingincomeexpense": 54600000,
        "incomelossfromcontinuingoperationsbeforeincometaxesminorityinterestandincomelossfromequitymethodinvestments": 739100000,
        "incometaxexpensebenefit": 156700000,
        "earningspersharebasic": 1.35,
        "earningspersharediluted": 1.34,
        "weightedaveragenumberofsharesoutstandingbasic": 432700000,
        "weightedaveragenumberofdilutedsharesoutstanding": 435400000,
        "directpassthroughcostspeorevenues": 10510600000
    },
    {
        "date": "2019-03-30",
        "symbol": "ADP",
        "period": "Q3",
        "netincomeloss": 753800000,
        "othercomprehensiveincomeforeigncurrencytransactionandtranslationgainlossarisingduringperiodnetoftax": -2300000,
        "othercomprehensiveincomeunrealizedholdinggainlossonsecuritiesarisingduringperiodbeforetax": 259100000,
        "othercomprehensiveincomeunrealizedholdinggainlossonsecuritiesarisingduringperiodtax": 58300000,
        "othercomprehensiveincomelossreclassificationadjustmentfromaociforsaleofsecuritiesbeforetax": 0,
        "othercomprehensiveincomelossreclassificationadjustmentfromaociforsaleofsecuritiestax": 100000,
        "othercomprehensiveincomelossreclassificationadjustmentfromaocipensionandotherpostretirementbenefitplansbeforetax": 6100000,
        "othercomprehensiveincomelossreclassificationadjustmentfromaocipensionandotherpostretirementbenefitplanstax": 1600000,
        "othercomprehensiveincomelossnetoftax": 203100000,
        "comprehensiveincomenetoftax": 956900000,
        "salesrevenuenet": 2546300000,
        "interestonfundsheldclients": 167400000,
        "peorevenues": 1133700000,
        "revenues": 17400000,
        "operatingcostsandexpenses": 1874600000,
        "systemsdevelopmentprogrammingcosts": 160100000,
        "costofservicesdepreciationandamortization": 77200000,
        "costofservices": 2111900000,
        "sellinggeneralandadministrativeexpense": 750300000,
        "interestexpense": 21700000,
        "costsandexpenses": 2883900000,
        "nonoperatingincomeexpense": 21000000,
        "incomelossfromcontinuingoperationsbeforeincometaxesminorityinterestandincomelossfromequitymethodinvestments": -133300000,
        "incometaxexpensebenefit": 230700000,
        "earningspersharebasic": 1.7299999999999998,
        "earningspersharediluted": 1.7300000000000004,
        "weightedaveragenumberofsharesoutstandingbasic": -437000000,
        "weightedaveragenumberofdilutedsharesoutstanding": -439800000,
        "directpassthroughcostspeorevenues": 10798300000
    },
    {
        "date": "2018-12-30",
        "symbol": "ADP",
        "period": "Q2",
        "netincomeloss": 558200000,
        "othercomprehensiveincomeforeigncurrencytransactionandtranslationgainlossarisingduringperiodnetoftax": -24700000,
        "othercomprehensiveincomeunrealizedholdinggainlossonsecuritiesarisingduringperiodbeforetax": 168300000,
        "othercomprehensiveincomeunrealizedholdinggainlossonsecuritiesarisingduringperiodtax": 38800000,
        "othercomprehensiveincomelossreclassificationadjustmentfromaociforsaleofsecuritiesbeforetax": -500000,
        "othercomprehensiveincomelossreclassificationadjustmentfromaociforsaleofsecuritiestax": -100000,
        "othercomprehensiveincomelossreclassificationadjustmentfromaocipensionandotherpostretirementbenefitplansbeforetax": 26200000,
        "othercomprehensiveincomelossreclassificationadjustmentfromaocipensionandotherpostretirementbenefitplanstax": 6300000,
        "othercomprehensiveincomelossnetoftax": 125100000,
        "comprehensiveincomenetoftax": 683300000,
        "directpassthroughcostspeorevenues": 11751100000,
        "salesrevenuenet": 2319800000,
        "interestonfundsheldclients": 129100000,
        "peorevenues": 1057000000,
        "revenues": -2700000,
        "operatingcostsandexpenses": 1785900000,
        "systemsdevelopmentprogrammingcosts": 156100000,
        "costofservicesdepreciationandamortization": 71700000,
        "costofservices": 2013700000,
        "sellinggeneralandadministrativeexpense": 745200000,
        "interestexpense": 38600000,
        "costsandexpenses": 2797500000,
        "nonoperatingincomeexpense": 32600000,
        "incomelossfromcontinuingoperationsbeforeincometaxesminorityinterestandincomelossfromequitymethodinvestments": -149300000,
        "incometaxexpensebenefit": 182800000,
        "earningspersharebasic": 1.28,
        "earningspersharediluted": 1.27,
        "weightedaveragenumberofsharesoutstandingbasic": 435700000,
        "weightedaveragenumberofdilutedsharesoutstanding": 438000000
    },
    {
        "date": "2018-09-29",
        "symbol": "ADP",
        "period": "Q1",
        "netincomeloss": 505400000,
        "othercomprehensiveincomeforeigncurrencytransactionandtranslationgainlossarisingduringperiodnetoftax": -22900000,
        "othercomprehensiveincomeunrealizedholdinggainlossonsecuritiesarisingduringperiodbeforetax": -50400000,
        "othercomprehensiveincomeunrealizedholdinggainlossonsecuritiesarisingduringperiodtax": -12300000,
        "othercomprehensiveincomelossreclassificationadjustmentfromaociforsaleofsecuritiesbeforetax": -900000,
        "othercomprehensiveincomelossreclassificationadjustmentfromaociforsaleofsecuritiestax": -200000,
        "othercomprehensiveincomelossreclassificationadjustmentfromaocipensionandotherpostretirementbenefitplansbeforetax": 200000,
        "othercomprehensiveincomelossreclassificationadjustmentfromaocipensionandotherpostretirementbenefitplanstax": 200000,
        "othercomprehensiveincomelossnetoftax": -60300000,
        "comprehensiveincomenetoftax": 445100000,
        "directpassthroughcostspeorevenues": 9629400000,
        "salesrevenuenet": 2218600000,
        "interestonfundsheldclients": 118500000,
        "peorevenues": 986100000,
        "revenues": -2800000,
        "operatingcostsandexpenses": 1709900000,
        "systemsdevelopmentprogrammingcosts": 158000000,
        "costofservicesdepreciationandamortization": 72600000,
        "costofservices": 1940500000,
        "sellinggeneralandadministrativeexpense": 713900000,
        "interestexpense": 35900000,
        "costsandexpenses": 2690300000,
        "nonoperatingincomeexpense": 13900000,
        "incomelossfromcontinuingoperationsbeforeincometaxesminorityinterestandincomelossfromequitymethodinvestments": -136700000,
        "incometaxexpensebenefit": 141400000,
        "earningspersharebasic": 1.16,
        "earningspersharediluted": 1.15,
        "weightedaveragenumberofsharesoutstandingbasic": 436800000,
        "weightedaveragenumberofdilutedsharesoutstanding": 439900000,
        "commonstockdividendspersharedeclared": 0.69
    },
    {
        "date": "2018-06-29",
        "symbol": "ADP",
        "period": "Q4",
        "netincomeloss": 108700000,
        "othercomprehensiveincomeforeigncurrencytransactionandtranslationgainlossarisingduringperiodnetoftax": -64900000,
        "othercomprehensiveincomeunrealizedholdinggainlossonsecuritiesarisingduringperiodbeforetax": -60200000,
        "othercomprehensiveincomeunrealizedholdinggainlossonsecuritiesarisingduringperiodtax": -13400000,
        "othercomprehensiveincomelossreclassificationadjustmentfromaocipensionandotherpostretirementbenefitplansbeforetax": 2400000,
        "othercomprehensiveincomelossreclassificationadjustmentfromaocipensionandotherpostretirementbenefitplanstax": 2200000,
        "othercomprehensiveincomelossnetoftax": -42000000,
        "comprehensiveincomenetoftax": 66700000,
        "salesrevenuenet": 2220800000,
        "interestonfundsheldclients": 125600000,
        "peorevenues": 973900000,
        "revenues": 13331200000,
        "operatingcostsandexpenses": 1690200000,
        "systemsdevelopmentprogrammingcosts": 160300000,
        "costofservicesdepreciationandamortization": 72400000,
        "costofservices": 1952100000,
        "sellinggeneralandadministrativeexpense": 822200000,
        "interestexpense": 28600000,
        "costsandexpenses": 2773700000,
        "nonoperatingincomeexpense": -230500000,
        "incomelossfromcontinuingoperationsbeforeincometaxesminorityinterestandincomelossfromequitymethodinvestments": 2605800000,
        "incometaxexpensebenefit": -69700000,
        "earningspersharebasic": 0.2500000000000001,
        "earningspersharediluted": 0.2599999999999999,
        "weightedaveragenumberofsharesoutstandingbasic": -883900000,
        "weightedaveragenumberofdilutedsharesoutstanding": -888800000,
        "directpassthroughcostspeorevenues": 9593900000
    },
    {
        "date": "2018-03-30",
        "symbol": "ADP",
        "period": "Q3",
        "netincomeloss": 643100000,
        "othercomprehensiveincomeforeigncurrencytransactionandtranslationgainlossarisingduringperiodnetoftax": 21100000,
        "othercomprehensiveincomeunrealizedholdinggainlossonsecuritiesarisingduringperiodbeforetax": -240400000,
        "othercomprehensiveincomeunrealizedholdinggainlossonsecuritiesarisingduringperiodtax": -53400000,
        "othercomprehensiveincomelossreclassificationadjustmentfromaociforsaleofsecuritiesbeforetax": -200000,
        "othercomprehensiveincomelossreclassificationadjustmentfromaociforsaleofsecuritiestax": 100000,
        "othercomprehensiveincomelossreclassificationadjustmentfromaocipensionandotherpostretirementbenefitplansbeforetax": 2300000,
        "othercomprehensiveincomelossreclassificationadjustmentfromaocipensionandotherpostretirementbenefitplanstax": 600000,
        "othercomprehensiveincomelossnetoftax": -163900000,
        "comprehensiveincomenetoftax": 479200000,
        "directpassthroughcostspeorevenues": 10176200000,
        "salesrevenuenet": 2492900000,
        "interestonfundsheldclients": 134800000,
        "peorevenues": 1065300000,
        "revenues": 200000,
        "operatingcostsandexpenses": 1844700000,
        "systemsdevelopmentprogrammingcosts": 162500000,
        "costofservicesdepreciationandamortization": 70200000,
        "costofservices": 2077400000,
        "sellinggeneralandadministrativeexpense": 755100000,
        "interestexpense": 18600000,
        "costsandexpenses": 2851100000,
        "nonoperatingincomeexpense": 10700000,
        "incomelossfromcontinuingoperationsbeforeincometaxesminorityinterestandincomelossfromequitymethodinvestments": -123800000,
        "incometaxexpensebenefit": 209500000,
        "earningspersharebasic": 1.46,
        "earningspersharediluted": 1.45,
        "weightedaveragenumberofsharesoutstandingbasic": 441000000,
        "weightedaveragenumberofdilutedsharesoutstanding": 443400000,
        "commonstockdividendspersharedeclared": 0.63
    },
    {
        "date": "2017-12-30",
        "symbol": "ADP",
        "period": "Q2",
        "netincomeloss": 467500000,
        "othercomprehensiveincomeforeigncurrencytransactionandtranslationgainlossarisingduringperiodnetoftax": 4100000,
        "othercomprehensiveincomeunrealizedholdinggainlossonsecuritiesarisingduringperiodbeforetax": -147300000,
        "othercomprehensiveincomeunrealizedholdinggainlossonsecuritiesarisingduringperiodtax": -53100000,
        "othercomprehensiveincomelossreclassificationadjustmentfromaociforsaleofsecuritiesbeforetax": -1000000,
        "othercomprehensiveincomelossreclassificationadjustmentfromaociforsaleofsecuritiestax": -400000,
        "othercomprehensiveincomelossreclassificationadjustmentfromaocipensionandotherpostretirementbenefitplansbeforetax": 2300000,
        "othercomprehensiveincomelossreclassificationadjustmentfromaocipensionandotherpostretirementbenefitplanstax": 800000,
        "othercomprehensiveincomelossnetoftax": -88000000,
        "comprehensiveincomenetoftax": 379500000,
        "directpassthroughcostspeorevenues": 10632300000,
        "salesrevenuenet": 2188800000,
        "interestonfundsheldclients": 106700000,
        "peorevenues": 939900000,
        "revenues": -1900000,
        "operatingcostsandexpenses": 1719300000,
        "systemsdevelopmentprogrammingcosts": 158100000,
        "costofservicesdepreciationandamortization": 69300000,
        "costofservices": 1946700000,
        "sellinggeneralandadministrativeexpense": 717200000,
        "interestexpense": 27500000,
        "costsandexpenses": 2691400000,
        "nonoperatingincomeexpense": 21700000,
        "incomelossfromcontinuingoperationsbeforeincometaxesminorityinterestandincomelossfromequitymethodinvestments": -123300000,
        "incometaxexpensebenefit": 98200000,
        "earningspersharebasic": 1.06,
        "earningspersharediluted": 1.05,
        "weightedaveragenumberofsharesoutstandingbasic": 441300000,
        "weightedaveragenumberofdilutedsharesoutstanding": 443700000,
        "commonstockdividendspersharedeclared": 0.63
    },
    {
        "date": "2017-09-29",
        "symbol": "ADP",
        "period": "Q1",
        "netincomeloss": 401500000,
        "othercomprehensiveincomeforeigncurrencytransactionandtranslationgainlossarisingduringperiodnetoftax": 42500000,
        "othercomprehensiveincomeunrealizedholdinggainlossonsecuritiesarisingduringperiodbeforetax": -12800000,
        "othercomprehensiveincomeunrealizedholdinggainlossonsecuritiesarisingduringperiodtax": -3500000,
        "othercomprehensiveincomelossreclassificationadjustmentfromaocipensionandotherpostretirementbenefitplansbeforetax": 2300000,
        "othercomprehensiveincomelossreclassificationadjustmentfromaocipensionandotherpostretirementbenefitplanstax": 900000,
        "othercomprehensiveincomelossnetoftax": 34600000,
        "comprehensiveincomenetoftax": 436100000,
        "salesrevenuenet": 2080900000,
        "interestonfundsheldclients": 99400000,
        "peorevenues": 898500000,
        "revenues": -2000000,
        "operatingcostsandexpenses": 1646900000,
        "systemsdevelopmentprogrammingcosts": 156900000,
        "costofservicesdepreciationandamortization": 62600000,
        "costofservices": 1866400000,
        "sellinggeneralandadministrativeexpense": 662400000,
        "interestexpense": 28000000,
        "costsandexpenses": 2556800000,
        "nonoperatingincomeexpense": 26200000,
        "incomelossfromcontinuingoperationsbeforeincometaxesminorityinterestandincomelossfromequitymethodinvestments": -76100000,
        "incometaxexpensebenefit": 146700000,
        "earningspersharebasic": 0.91,
        "earningspersharediluted": 0.9,
        "weightedaveragenumberofsharesoutstandingbasic": 442200000,
        "weightedaveragenumberofdilutedsharesoutstanding": 445000000,
        "commonstockdividendspersharedeclared": 0.57,
        "directpassthroughcostspeorevenues": 8738500000
    },
    {
        "date": "2017-06-29",
        "symbol": "ADP",
        "period": "Q4",
        "netincomeloss": 265900000,
        "othercomprehensiveincomeforeigncurrencytransactionandtranslationgainlossarisingduringperiodnetoftax": 46900000,
        "othercomprehensiveincomeunrealizedholdinggainlossonsecuritiesarisingduringperiodbeforetax": 32700000,
        "othercomprehensiveincomeunrealizedholdinggainlossonsecuritiesarisingduringperiodtax": 13500000,
        "othercomprehensiveincomelossreclassificationadjustmentfromaociforsaleofsecuritiesbeforetax": 1000000,
        "othercomprehensiveincomelossnetoftax": 134000000,
        "comprehensiveincomenetoftax": 399900000,
        "salesrevenuenet": 2073500000,
        "interestonfundsheldclients": 104800000,
        "peorevenues": 886500000,
        "revenues": 1094000000,
        "operatingcostsandexpenses": 1622700000,
        "systemsdevelopmentprogrammingcosts": 166800000,
        "costofservicesdepreciationandamortization": 57900000,
        "costofservices": 1847400000,
        "sellinggeneralandadministrativeexpense": 829700000,
        "interestexpense": 22800000,
        "costsandexpenses": 2699900000,
        "nonoperatingincomeexpense": 23400000,
        "incomelossfromcontinuingoperationsbeforeincometaxesminorityinterestandincomelossfromequitymethodinvestments": -176200000,
        "incometaxexpensebenefit": -2200000,
        "incomelossfromcontinuingoperationsincludingportionattributabletononcontrollinginterest": 265900000,
        "incomelossfromcontinuingoperationsperbasicshare": 0.59,
        "earningspersharebasic": 0.59,
        "incomelossfromcontinuingoperationsperdilutedshare": 0.6000000000000001,
        "earningspersharediluted": 0.6000000000000001,
        "weightedaveragenumberofsharesoutstandingbasic": -898900000,
        "weightedaveragenumberofdilutedsharesoutstanding": -904500000,
        "directpassthroughcostspeorevenues": 8527100000
    },
    {
        "date": "2017-03-30",
        "symbol": "ADP",
        "period": "Q3",
        "netincomeloss": 587900000,
        "othercomprehensiveincomeforeigncurrencytransactionandtranslationgainlossarisingduringperiodnetoftax": 20300000,
        "othercomprehensiveincomeunrealizedholdinggainlossonsecuritiesarisingduringperiodbeforetax": 46300000,
        "othercomprehensiveincomeunrealizedholdinggainlossonsecuritiesarisingduringperiodtax": 16500000,
        "othercomprehensiveincomelossreclassificationadjustmentfromaociforsaleofsecuritiesbeforetax": -200000,
        "othercomprehensiveincomelossreclassificationadjustmentfromaociforsaleofsecuritiestax": -100000,
        "othercomprehensiveincomelossreclassificationadjustmentfromaocipensionandotherpostretirementbenefitplansbeforetax": 5100000,
        "othercomprehensiveincomelossreclassificationadjustmentfromaocipensionandotherpostretirementbenefitplanstax": 1800000,
        "othercomprehensiveincomelossnetoftax": 53500000,
        "comprehensiveincomenetoftax": 641400000,
        "salesrevenuenet": 2329800000,
        "interestonfundsheldclients": 111600000,
        "peorevenues": 969400000,
        "revenues": -2100000,
        "operatingcostsandexpenses": 1701500000,
        "systemsdevelopmentprogrammingcosts": 153300000,
        "costofservicesdepreciationandamortization": 56200000,
        "costofservices": 1911000000,
        "sellinggeneralandadministrativeexpense": 665000000,
        "interestexpense": 16800000,
        "costsandexpenses": 2592800000,
        "nonoperatingincomeexpense": 9900000,
        "incomelossfromcontinuingoperationsbeforeincometaxesminorityinterestandincomelossfromequitymethodinvestments": -67100000,
        "incometaxexpensebenefit": -9500000,
        "incomelossfromcontinuingoperationsincludingportionattributabletononcontrollinginterest": 587900000,
        "incomelossfromcontinuingoperationsperbasicshare": 1.32,
        "earningspersharebasic": 1.32,
        "incomelossfromcontinuingoperationsperdilutedshare": 1.31,
        "earningspersharediluted": 1.31,
        "weightedaveragenumberofsharesoutstandingbasic": 446500000,
        "weightedaveragenumberofdilutedsharesoutstanding": 449200000,
        "commonstockdividendspersharedeclared": 0.57,
        "directpassthroughcostspeorevenues": 9207200000
    },
    {
        "date": "2016-12-30",
        "symbol": "ADP",
        "period": "Q2",
        "netincomeloss": 510900000,
        "othercomprehensiveincomeforeigncurrencytransactionandtranslationgainlossarisingduringperiodnetoftax": -55000000,
        "othercomprehensiveincomeunrealizedholdinggainlossonsecuritiesarisingduringperiodbeforetax": -413300000,
        "othercomprehensiveincomeunrealizedholdinggainlossonsecuritiesarisingduringperiodtax": -145400000,
        "othercomprehensiveincomelossreclassificationadjustmentfromaociforsaleofsecuritiesbeforetax": 1300000,
        "othercomprehensiveincomelossreclassificationadjustmentfromaociforsaleofsecuritiestax": 600000,
        "othercomprehensiveincomelossreclassificationadjustmentfromaocipensionandotherpostretirementbenefitplansfornetgainlossbeforetax": -5100000,
        "othercomprehensiveincomelossreclassificationadjustmentfromaocipensionandotherpostretirementbenefitplansfornetgainlosstax": -1800000,
        "othercomprehensiveincomelossnetoftax": -320300000,
        "comprehensiveincomenetoftax": 190600000,
        "salesrevenuenet": 2077400000,
        "interestonfundsheldclients": 91800000,
        "peorevenues": 818100000,
        "revenues": -2300000,
        "operatingcostsandexpenses": 1560400000,
        "systemsdevelopmentprogrammingcosts": 152500000,
        "costofservicesdepreciationandamortization": 54900000,
        "costofservices": 1767800000,
        "sellinggeneralandadministrativeexpense": 640800000,
        "interestexpense": 20500000,
        "costsandexpenses": 2429100000,
        "nonoperatingincomeexpense": 228000000,
        "incomelossfromcontinuingoperationsbeforeincometaxesminorityinterestandincomelossfromequitymethodinvestments": 132500000,
        "incometaxexpensebenefit": -4900000,
        "incomelossfromcontinuingoperationsincludingportionattributabletononcontrollinginterest": 510900000,
        "incomelossfromcontinuingoperationsperbasicshare": 1.14,
        "earningspersharebasic": 1.14,
        "incomelossfromcontinuingoperationsperdilutedshare": 1.13,
        "earningspersharediluted": 1.13,
        "weightedaveragenumberofsharesoutstandingbasic": 447900000,
        "weightedaveragenumberofdilutedsharesoutstanding": 450300000,
        "commonstockdividendspersharedeclared": 0.57,
        "directpassthroughcostspeorevenues": 9145500000
    },
    {
        "date": "2016-09-29",
        "symbol": "ADP",
        "period": "Q1",
        "netincomeloss": 368700000,
        "othercomprehensiveincomeforeigncurrencytransactionandtranslationgainlossarisingduringperiodnetoftax": 10800000,
        "othercomprehensiveincomeunrealizedholdinggainlossonsecuritiesarisingduringperiodbeforetax": -71400000,
        "othercomprehensiveincomeunrealizedholdinggainlossonsecuritiesarisingduringperiodtax": -26200000,
        "othercomprehensiveincomelossreclassificationadjustmentfromaociforsaleofsecuritiesbeforetax": 100000,
        "othercomprehensiveincomelossreclassificationadjustmentfromaocipensionandotherpostretirementbenefitplansfornetgainlossbeforetax": -5100000,
        "othercomprehensiveincomelossreclassificationadjustmentfromaocipensionandotherpostretirementbenefitplansfornetgainlosstax": -1900000,
        "othercomprehensiveincomelossnetoftax": -31300000,
        "comprehensiveincomenetoftax": 337400000,
        "salesrevenuenet": 2037400000,
        "interestonfundsheldclients": 89200000,
        "peorevenues": 790300000,
        "revenues": -3600000,
        "operatingcostsandexpenses": 1531500000,
        "systemsdevelopmentprogrammingcosts": 154900000,
        "costofservicesdepreciationandamortization": 57200000,
        "costofservices": 1743600000,
        "sellinggeneralandadministrativeexpense": 647700000,
        "interestexpense": 19900000,
        "costsandexpenses": 2411200000,
        "nonoperatingincomeexpense": 23000000,
        "incomelossfromcontinuingoperationsbeforeincometaxesminorityinterestandincomelossfromequitymethodinvestments": -99600000,
        "incometaxexpensebenefit": -15500000,
        "incomelossfromcontinuingoperationsincludingportionattributabletononcontrollinginterest": 368700000,
        "incomelossfromcontinuingoperationsperbasicshare": 0.82,
        "earningspersharebasic": 0.82,
        "incomelossfromcontinuingoperationsperdilutedshare": 0.81,
        "earningspersharediluted": 0.81,
        "weightedaveragenumberofsharesoutstandingbasic": 452300000,
        "weightedaveragenumberofdilutedsharesoutstanding": 455300000,
        "commonstockdividendspersharedeclared": 0.53,
        "directpassthroughcostspeorevenues": 7687600000
    },
    {
        "date": "2016-03-30",
        "symbol": "ADP",
        "period": "Q3",
        "netincomeloss": 532500000,
        "othercomprehensiveincomeforeigncurrencytransactionandtranslationgainlossarisingduringperiodnetoftax": 41200000,
        "othercomprehensiveincomeunrealizedholdinggainlossonsecuritiesarisingduringperiodbeforetax": 271800000,
        "othercomprehensiveincomeunrealizedholdinggainlossonsecuritiesarisingduringperiodtax": 95900000,
        "othercomprehensiveincomelossreclassificationadjustmentfromaocipensionandotherpostretirementbenefitplansfornetgainlossbeforetax": -3000000,
        "othercomprehensiveincomelossreclassificationadjustmentfromaocipensionandotherpostretirementbenefitplansfornetgainlosstax": -1000000,
        "othercomprehensiveincomelossnetoftax": 219100000,
        "comprehensiveincomenetoftax": 751600000,
        "salesrevenuenet": 2283600000,
        "interestonfundsheldclients": 102900000,
        "peorevenues": 862000000,
        "revenues": -2800000,
        "operatingcostsandexpenses": 1611600000,
        "systemsdevelopmentprogrammingcosts": 147300000,
        "costofservicesdepreciationandamortization": 53800000,
        "costofservices": 1812700000,
        "sellinggeneralandadministrativeexpense": 634300000,
        "interestexpense": 16300000,
        "totalexpenses": 2463300000,
        "nonoperatingincomeexpense": 9600000,
        "incomelossfromcontinuingoperationsbeforeincometaxesminorityinterestandincomelossfromequitymethodinvestments": -82800000,
        "incometaxexpensebenefit": 262300000,
        "incomelossfromcontinuingoperationsincludingportionattributabletononcontrollinginterest": 532500000,
        "incomelossfromcontinuingoperationsperbasicshare": 1.1600000000000001,
        "earningspersharebasic": 1.1700000000000002,
        "incomelossfromcontinuingoperationsperdilutedshare": 1.16,
        "earningspersharediluted": 1.17,
        "weightedaveragenumberofsharesoutstandingbasic": -1800000,
        "weightedaveragenumberofdilutedsharesoutstanding": -2300000,
        "commonstockdividendspersharedeclared": 0.53,
        "directpassthroughcostspeorevenues": 8374800000
    },
    {
        "date": "2015-12-30",
        "symbol": "ADP",
        "period": "Q2",
        "netincomeloss": 341400000,
        "othercomprehensiveincomeforeigncurrencytransactionandtranslationgainlossarisingduringperiodnetoftax": -24400000,
        "othercomprehensiveincomeunrealizedholdinggainlossonsecuritiesarisingduringperiodbeforetax": -174400000,
        "othercomprehensiveincomeunrealizedholdinggainlossonsecuritiesarisingduringperiodtax": -62600000,
        "othercomprehensiveincomelossreclassificationadjustmentfromaocipensionandotherpostretirementbenefitplansfornetgainlossbeforetax": -3000000,
        "othercomprehensiveincomelossreclassificationadjustmentfromaocipensionandotherpostretirementbenefitplansfornetgainlosstax": -1100000,
        "othercomprehensiveincomelossnetoftax": -131700000,
        "comprehensiveincomenetoftax": 209700000,
        "salesrevenuenet": 1984300000,
        "interestonfundsheldclients": 89300000,
        "peorevenues": 733400000,
        "revenues": -2900000,
        "operatingcostsandexpenses": 1479500000,
        "systemsdevelopmentprogrammingcosts": 149600000,
        "costofservicesdepreciationandamortization": 53400000,
        "costofservices": 1682500000,
        "sellinggeneralandadministrativeexpense": 627100000,
        "interestexpense": 16900000,
        "totalexpenses": 2326500000,
        "nonoperatingincomeexpense": 27400000,
        "incomelossfromcontinuingoperationsbeforeincometaxesminorityinterestandincomelossfromequitymethodinvestments": -83000000,
        "incometaxexpensebenefit": 166500000,
        "incomelossfromcontinuingoperationsincludingportionattributabletononcontrollinginterest": 341400000,
        "discontinuedoperationincomelossfromdiscontinuedoperationbeforeincometax": 0,
        "discontinuedoperationtaxeffectofdiscontinuedoperation": 0,
        "incomelossfromdiscontinuedoperationsnetoftax": 0,
        "incomelossfromcontinuingoperationsperbasicshare": 0.75,
        "earningspersharebasic": 0.74,
        "incomelossfromcontinuingoperationsperdilutedshare": 0.75,
        "earningspersharediluted": 0.74,
        "weightedaveragenumberofsharesoutstandingbasic": -2400000,
        "weightedaveragenumberofdilutedsharesoutstanding": -2800000,
        "commonstockdividendspersharedeclared": 0.53,
        "directpassthroughcostspeorevenues": 8372900000
    },
    {
        "date": "2015-09-29",
        "symbol": "ADP",
        "period": "Q1",
        "netincomeloss": 336600000,
        "othercomprehensiveincomeforeigncurrencytransactionandtranslationgainlossarisingduringperiodnetoftax": -22000000,
        "othercomprehensiveincomeunrealizedholdinggainlossonsecuritiesarisingduringperiodbeforetax": 53400000,
        "othercomprehensiveincomeunrealizedholdinggainlossonsecuritiesarisingduringperiodtax": 20000000,
        "othercomprehensiveincomelossreclassificationadjustmentfromaocipensionandotherpostretirementbenefitplansfornetgainlossbeforetax": -2900000,
        "othercomprehensiveincomelossreclassificationadjustmentfromaocipensionandotherpostretirementbenefitplansfornetgainlosstax": -1100000,
        "othercomprehensiveincomelossnetoftax": 13200000,
        "comprehensiveincomenetoftax": 349800000,
        "salesrevenuenet": 1928700000,
        "interestonfundsheldclients": 87800000,
        "peorevenues": 697500000,
        "revenues": 10700000,
        "operatingcostsandexpenses": 1439800000,
        "systemsdevelopmentprogrammingcosts": 156100000,
        "costofservicesdepreciationandamortization": 50600000,
        "costofservices": 1646500000,
        "sellinggeneralandadministrativeexpense": 605300000,
        "interestexpense": 4900000,
        "totalexpenses": 2256700000,
        "nonoperatingincomeexpense": 47700000,
        "incomelossfromcontinuingoperationsbeforeincometaxesminorityinterestandincomelossfromequitymethodinvestments": -41600000,
        "incometaxexpensebenefit": 167500000,
        "incomelossfromcontinuingoperationsincludingportionattributabletononcontrollinginterest": 337500000,
        "discontinuedoperationincomelossfromdiscontinuedoperationbeforeincometax": -1400000,
        "discontinuedoperationtaxeffectofdiscontinuedoperation": -500000,
        "incomelossfromdiscontinuedoperationsnetoftax": -900000,
        "incomelossfromcontinuingoperationsperbasicshare": 0.73,
        "earningspersharebasic": 0.73,
        "incomelossfromcontinuingoperationsperdilutedshare": 0.72,
        "earningspersharediluted": 0.72,
        "weightedaveragenumberofsharesoutstandingbasic": 462400000,
        "weightedaveragenumberofdilutedsharesoutstanding": 465700000,
        "commonstockdividendspersharedeclared": 0.49,
        "directpassthroughcostspeorevenues": 6865300000
    },
    {
        "date": "2015-03-30",
        "symbol": "ADP",
        "period": "Q3",
        "netincomeloss": 489600000,
        "othercomprehensiveincomeforeigncurrencytransactionandtranslationgainlossarisingduringperiodnetoftax": -108700000,
        "othercomprehensiveincomeunrealizedholdinggainlossonsecuritiesarisingduringperiodtax": 44500000,
        "othercomprehensiveincomelossreclassificationadjustmentfromaociforsaleofsecuritiesbeforetax": 600000,
        "othercomprehensiveincomelossreclassificationadjustmentfromaociforsaleofsecuritiestax": 200000,
        "othercomprehensiveincomelossreclassificationadjustmentfromaocipensionandotherpostretirementbenefitplansfornetgainlossbeforetax": -4000000,
        "othercomprehensiveincomelossreclassificationadjustmentfromaocipensionandotherpostretirementbenefitplansfornetgainlosstax": -1600000,
        "othercomprehensiveincomelossnetoftax": -22300000,
        "comprehensiveincomenetoftax": 467300000,
        "salesrevenuenet": 2185600000,
        "interestonfundsheldclients": 101400000,
        "peorevenues": 744700000,
        "revenues": -4800000,
        "systemsdevelopmentprogrammingcosts": 150700000,
        "costofservicesdepreciationandamortization": 52500000,
        "costofservices": 1688000000,
        "sellinggeneralandadministrativeexpense": 608100000,
        "interestexpense": 800000,
        "nonoperatingincomeexpense": 7800000,
        "incomelossfromcontinuingoperationsbeforeincometaxesminorityinterestandincomelossfromequitymethodinvestments": -85700000,
        "incometaxexpensebenefit": 250600000,
        "incomelossfromcontinuingoperationsincludingportionattributabletononcontrollinginterest": 492000000,
        "discontinuedoperationincomelossfromdiscontinuedoperationbeforeincometax": -2400000,
        "incomelossfromdiscontinuedoperationsnetoftax": -2400000,
        "incomelossfromcontinuingoperationsperbasicshare": 1.0499999999999998,
        "earningspersharebasic": 1.04,
        "incomelossfromcontinuingoperationsperdilutedshare": 1.04,
        "earningspersharediluted": 1.0300000000000002,
        "weightedaveragenumberofsharesoutstandingbasic": -2500000,
        "weightedaveragenumberofdilutedsharesoutstanding": -2700000,
        "commonstockdividendspersharedeclared": 0.49,
        "directpassthroughcostspeorevenues": 7018900000
    },
    {
        "date": "2014-12-30",
        "symbol": "ADP",
        "period": "Q2",
        "netincomeloss": 331500000,
        "othercomprehensiveincomeforeigncurrencytransactionandtranslationgainlossarisingduringperiodnetoftax": -56800000,
        "othercomprehensiveincomeunrealizedholdinggainlossonsecuritiesarisingduringperiodtax": 6100000,
        "othercomprehensiveincomelossreclassificationadjustmentfromaociforsaleofsecuritiesbeforetax": 900000,
        "othercomprehensiveincomelossreclassificationadjustmentfromaociforsaleofsecuritiestax": 300000,
        "othercomprehensiveincomelossreclassificationadjustmentfromaocipensionandotherpostretirementbenefitplansfornetgainlossbeforetax": -5000000,
        "othercomprehensiveincomelossreclassificationadjustmentfromaocipensionandotherpostretirementbenefitplansfornetgainlosstax": -1500000,
        "othercomprehensiveincomelossnetoftax": -40600000,
        "comprehensiveincomenetoftax": 290900000,
        "salesrevenuenet": 1948100000,
        "interestonfundsheldclients": 91000000,
        "peorevenues": 622200000,
        "revenues": -2800000,
        "systemsdevelopmentprogrammingcosts": 148900000,
        "costofservicesdepreciationandamortization": 52200000,
        "costofservices": 1587000000,
        "sellinggeneralandadministrativeexpense": 590300000,
        "interestexpense": 2200000,
        "nonoperatingincomeexpense": 19300000,
        "incomelossfromcontinuingoperationsbeforeincometaxesminorityinterestandincomelossfromequitymethodinvestments": -735700000,
        "incometaxexpensebenefit": 167100000,
        "incomelossfromcontinuingoperationsincludingportionattributabletononcontrollinginterest": 334000000,
        "discontinuedoperationincomelossfromdiscontinuedoperationbeforeincometax": -2500000,
        "discontinuedoperationtaxeffectofdiscontinuedoperation": 0,
        "incomelossfromdiscontinuedoperationsnetoftax": -2500000,
        "incomelossfromcontinuingoperationsperbasicshare": 0.7000000000000001,
        "incomelossfromdiscontinuedoperationsnetoftaxperbasicshare": 0,
        "earningspersharebasic": 0.6900000000000001,
        "incomelossfromcontinuingoperationsperdilutedshare": 0.6900000000000001,
        "incomelossfromdiscontinuedoperationsnetoftaxperdilutedshare": 0,
        "earningspersharediluted": 0.6900000000000001,
        "weightedaveragenumberofsharesoutstandingbasic": -800000,
        "weightedaveragenumberofdilutedsharesoutstanding": -700000,
        "commonstockdividendspersharedeclared": 0.49,
        "directpassthroughcostspeorevenues": 7217400000
    },
    {
        "date": "2014-09-29",
        "symbol": "ADP",
        "period": "Q1",
        "netincomeloss": 295200000,
        "othercomprehensiveincomeforeigncurrencytransactionandtranslationgainlossarisingduringperiodnetoftax": -108900000,
        "othercomprehensiveincomelossavailableforsalesecuritiesadjustmentbeforetax": -94100000,
        "othercomprehensiveincomeunrealizedholdinggainlossonsecuritiesarisingduringperiodtax": -34000000,
        "othercomprehensiveincomelossreclassificationadjustmentfromaociforsaleofsecuritiesbeforetax": 800000,
        "othercomprehensiveincomelossreclassificationadjustmentfromaociforsaleofsecuritiestax": 300000,
        "othercomprehensiveincomelossreclassificationadjustmentfromaocipensionandotherpostretirementbenefitplansfornetgainlossbeforetax": -8200000,
        "othercomprehensiveincomelossreclassificationadjustmentfromaocipensionandotherpostretirementbenefitplansfornetgainlosstax": -2800000,
        "othercomprehensiveincomelossnetoftax": -164100000,
        "comprehensiveincomenetoftax": 131100000,
        "salesrevenuenet": 1892000000,
        "interestonfundsheldclients": 90300000,
        "peorevenues": 591500000,
        "revenues": -100000,
        "operatingexpensescogs": 1363300000,
        "systemsdevelopmentprogrammingcosts": 146700000,
        "costofservicesdepreciationandamortization": 51900000,
        "costofservices": 1561900000,
        "sellinggeneralandadministrativeexpense": 578000000,
        "interestexpense": 1900000,
        "operatingexpenses": 2141800000,
        "nonoperatingincomeexpense": 20500000,
        "incomelossfromcontinuingoperationsbeforeincometaxesminorityinterestandincomelossfromequitymethodinvestments": 584200000,
        "incometaxexpensebenefit": 154500000,
        "incomelossfromcontinuingoperationsincludingportionattributabletononcontrollinginterest": 298000000,
        "discontinuedoperationincomelossfromdiscontinuedoperationbeforeincometax": 65600000,
        "discontinuedoperationtaxeffectofdiscontinuedoperation": 68400000,
        "incomelossfromdiscontinuedoperationsnetoftax": -2800000,
        "incomelossfromcontinuingoperationsperbasicshare": 0.62,
        "incomelossfromdiscontinuedoperationsnetoftaxperbasicshare": -0.01,
        "earningspersharebasic": 0.62,
        "incomelossfromcontinuingoperationsperdilutedshare": 0.62,
        "incomelossfromdiscontinuedoperationsnetoftaxperdilutedshare": -0.01,
        "earningspersharediluted": 0.61,
        "weightedaveragenumberofsharesoutstandingbasic": 478400000,
        "weightedaveragenumberofdilutedsharesoutstanding": 481700000,
        "commonstockdividendspersharedeclared": 0.48,
        "directpassthroughcostspeorevenues": 5736200000
    },
    {
        "date": "2014-03-30",
        "symbol": "ADP",
        "period": "Q3",
        "netincomeloss": 521600000,
        "othercomprehensiveincomeforeigncurrencytransactionandtranslationgainlossarisingduringperiodnetoftax": -1700000,
        "othercomprehensiveincomelossavailableforsalesecuritiesadjustmentbeforetax": 43800000,
        "othercomprehensiveincomeunrealizedholdinggainlossonsecuritiesarisingduringperiodtax": 15100000,
        "othercomprehensiveincomelossreclassificationadjustmentfromaociforsaleofsecuritiesbeforetax": 1500000,
        "othercomprehensiveincomelossreclassificationadjustmentfromaociforsaleofsecuritiestax": 500000,
        "othercomprehensiveincomelossreclassificationadjustmentfromaocipensionandotherpostretirementbenefitplansfornetgainlossbeforetax": -5100000,
        "othercomprehensiveincomelossreclassificationadjustmentfromaocipensionandotherpostretirementbenefitplansfornetgainlosstax": -800000,
        "othercomprehensiveincomelossnetoftax": 30300000,
        "comprehensiveincomenetoftax": 551900000,
        "salesrevenuenet": 2572500000,
        "interestonfundsheldclients": 100100000,
        "peorevenues": 647400000,
        "revenues": 650800000,
        "operatingexpensescogs": 1640500000,
        "systemsdevelopmentprogrammingcosts": 180500000,
        "costofservicesdepreciationandamortization": 63400000,
        "costofservices": 1884400000,
        "sellinggeneralandadministrativeexpense": 673200000,
        "interestexpense": 900000,
        "operatingexpenses": 2558500000,
        "nonoperatingincomeexpense": 8300000,
        "incomelossfromcontinuingoperationsbeforeincometaxesminorityinterestandincomelossfromequitymethodinvestments": 840500000,
        "incometaxexpensebenefit": 259400000,
        "incomelossfromcontinuingoperationsincludingportionattributabletononcontrollinginterest": 510400000,
        "discontinuedoperationincomelossfromdiscontinuedoperationbeforeincometax": 16600000,
        "discontinuedoperationtaxeffectofdiscontinuedoperation": 5400000,
        "incomelossfromdiscontinuedoperationsnetoftax": 11200000,
        "incomelossfromcontinuingoperationsperbasicshare": 1.07,
        "incomelossfromdiscontinuedoperationsnetoftaxperbasicshare": 0.02,
        "earningspersharebasic": 1.09,
        "incomelossfromcontinuingoperationsperdilutedshare": 1.06,
        "incomelossfromdiscontinuedoperationsnetoftaxperdilutedshare": 0.02,
        "earningspersharediluted": 1.08,
        "weightedaveragenumberofsharesoutstandingbasic": 478900000,
        "weightedaveragenumberofdilutedsharesoutstanding": 483000000,
        "commonstockdividendspersharedeclared": 0.48,
        "directpassthroughcostspeorevenues": 6396800000
    },
    {
        "date": "2013-12-30",
        "symbol": "ADP",
        "period": "Q2",
        "netincomeloss": 377000000,
        "othercomprehensiveincomeforeigncurrencytransactionandtranslationgainlossarisingduringperiodnetoftax": -6800000,
        "othercomprehensiveincomelossavailableforsalesecuritiesadjustmentbeforetax": -74500000,
        "othercomprehensiveincomeunrealizedholdinggainlossonsecuritiesarisingduringperiodtax": -25500000,
        "othercomprehensiveincomelossreclassificationadjustmentfromaociforsaleofsecuritiesbeforetax": 11600000,
        "othercomprehensiveincomelossreclassificationadjustmentfromaociforsaleofsecuritiestax": 4300000,
        "othercomprehensiveincomelossreclassificationadjustmentfromaocipensionandotherpostretirementbenefitplansfornetgainlossbeforetax": -5200000,
        "othercomprehensiveincomelossreclassificationadjustmentfromaocipensionandotherpostretirementbenefitplansfornetgainlosstax": -1900000,
        "othercomprehensiveincomelossnetoftax": -59800000,
        "comprehensiveincomenetoftax": 317200000,
        "salesrevenuenet": 2365800000,
        "interestonfundsheldclients": 89200000,
        "peorevenues": 527800000,
        "revenues": 531100000,
        "operatingexpensescogs": 1528700000,
        "systemsdevelopmentprogrammingcosts": 179300000,
        "costofservicesdepreciationandamortization": 64400000,
        "costofservices": 1772400000,
        "sellinggeneralandadministrativeexpense": 675600000,
        "interestexpense": 2000000,
        "operatingexpenses": 2450000000,
        "nonoperatingincomeexpense": 28300000,
        "incomelossfromcontinuingoperationsbeforeincometaxesminorityinterestandincomelossfromequitymethodinvestments": 595800000,
        "incometaxexpensebenefit": 184100000,
        "incomelossfromcontinuingoperationsincludingportionattributabletononcontrollinginterest": 377000000,
        "incomelossfromcontinuingoperationsperbasicshare": 0.79,
        "earningspersharebasic": 0.79,
        "incomelossfromcontinuingoperationsperdilutedshare": 0.78,
        "earningspersharediluted": 0.78,
        "weightedaveragenumberofsharesoutstandingbasic": 478400000,
        "weightedaveragenumberofdilutedsharesoutstanding": 482800000,
        "commonstockdividendspersharedeclared": 0.48,
        "directpassthroughcostspeorevenues": 6140400000
    },
    {
        "date": "2013-09-29",
        "symbol": "ADP",
        "period": "Q1",
        "netincomeloss": 328600000,
        "othercomprehensiveincomeforeigncurrencytransactionandtranslationgainlossarisingduringperiodnetoftax": 43300000,
        "othercomprehensiveincomelossavailableforsalesecuritiesadjustmentbeforetax": 14800000,
        "othercomprehensiveincomeunrealizedholdinggainlossonsecuritiesarisingduringperiodtax": 5000000,
        "othercomprehensiveincomelossreclassificationadjustmentfromaociforsaleofsecuritiesbeforetax": 3500000,
        "othercomprehensiveincomelossreclassificationadjustmentfromaociforsaleofsecuritiestax": 1300000,
        "othercomprehensiveincomelossreclassificationadjustmentfromaocipensionandotherpostretirementbenefitplansfornetgainlossbeforetax": -5100000,
        "othercomprehensiveincomelossreclassificationadjustmentfromaocipensionandotherpostretirementbenefitplansfornetgainlosstax": -900000,
        "othercomprehensiveincomelossnetoftax": 55100000,
        "comprehensiveincomenetoftax": 383700000,
        "salesrevenuenet": 2248500000,
        "interestonfundsheldclients": 89200000,
        "peorevenues": 501900000,
        "revenues": 472800000,
        "operatingexpensescogs": 1491600000,
        "systemsdevelopmentprogrammingcosts": 171800000,
        "costofservicesdepreciationandamortization": 61000000,
        "costofservices": 1724400000,
        "sellinggeneralandadministrativeexpense": 638600000,
        "interestexpense": 1900000,
        "operatingexpenses": 2364900000,
        "nonoperatingincomeexpense": 22600000,
        "incomelossfromcontinuingoperationsbeforeincometaxesminorityinterestandincomelossfromequitymethodinvestments": -106400000,
        "incometaxexpensebenefit": 168700000,
        "incomelossfromcontinuingoperationsincludingportionattributabletononcontrollinginterest": 328600000,
        "incomelossfromcontinuingoperationsperbasicshare": 0.68,
        "earningspersharebasic": 0.68,
        "incomelossfromcontinuingoperationsperdilutedshare": 0.68,
        "earningspersharediluted": 0.68,
        "weightedaveragenumberofsharesoutstandingbasic": 480100000,
        "weightedaveragenumberofdilutedsharesoutstanding": 484300000,
        "commonstockdividendspersharedeclared": 0.435,
        "directpassthroughcostspeorevenues": 4947200000
    },
    {
        "date": "2013-03-30",
        "symbol": "ADP",
        "period": "Q3",
        "netincomeloss": 482600000,
        "othercomprehensiveincomeforeigncurrencytransactionandtranslationgainlossarisingduringperiodnetoftax": -70100000,
        "othercomprehensiveincomereclassificationofdefinedbenefitplannettransitionassetobligationrecognizedinnetperiodicbenefitcostnetoftax": 8000000,
        "othercomprehensiveincomelossnetoftax": -104900000,
        "comprehensiveincomenetoftax": 377700000,
        "salesrevenuenet": 2440200000,
        "interestonfundsheldclients": 111900000,
        "peorevenues": 562200000,
        "revenues": -2267400000,
        "operatingexpensescogs": 1518200000,
        "systemsdevelopmentprogrammingcosts": 164100000,
        "costofservicesdepreciationandamortization": 63700000,
        "costofservices": 1746000000,
        "sellinggeneralandadministrativeexpense": 654400000,
        "interestexpense": 1200000,
        "operatingexpenses": 2401600000,
        "nonoperatingincomeexpense": 12100000,
        "incomelossfromcontinuingoperationsbeforeincometaxesminorityinterestandincomelossfromequitymethodinvestments": 88000000,
        "incometaxexpensebenefit": 242200000,
        "incomelossfromcontinuingoperationsincludingportionattributabletononcontrollinginterest": 482600000,
        "incomelossfromdiscontinuedoperationsnetoftax": 0,
        "incomelossfromcontinuingoperationsperbasicshare": 0.9999999999999999,
        "incomelossfromdiscontinuedoperationsnetoftaxperbasicshare": -5.204170427930421e-18,
        "earningspersharebasic": 0.9999999999999999,
        "incomelossfromcontinuingoperationsperdilutedshare": 0.9900000000000001,
        "incomelossfromdiscontinuedoperationsnetoftaxperdilutedshare": -5.204170427930421e-18,
        "earningspersharediluted": 0.9899999999999999,
        "weightedaveragenumberofsharesoutstandingbasic": -482800000,
        "weightedaveragenumberofdilutedsharesoutstanding": -488100000,
        "commonstockdividendspersharedeclared": 0.43499999999999983,
        "directpassthroughcostspeorevenues": 5317800000
    },
    {
        "date": "2012-12-30",
        "symbol": "ADP",
        "period": "Q2",
        "netincomeloss": 390900000,
        "othercomprehensiveincomeforeigncurrencytransactionandtranslationgainlossarisingduringperiodnetoftax": 16000000,
        "othercomprehensiveincomelossavailableforsalesecuritiesadjustmentbeforetax": -78800000,
        "othercomprehensiveincomelossreclassificationadjustmentforsaleofsecuritiesincludedinnetincomebeforetax": -9300000,
        "othercomprehensiveincomereclassificationofdefinedbenefitplannettransitionassetobligationrecognizedinnetperiodicbenefitcostnetoftax": 7900000,
        "othercomprehensiveincomelossbeforetax": -64200000,
        "othercomprehensiveincomelosstax": -29000000,
        "othercomprehensiveincomelossnetoftax": -35200000,
        "comprehensiveincomenetoftax": 355700000,
        "salesrevenuenet": 2183400000,
        "interestonfundsheldclients": 101700000,
        "peorevenues": 462700000,
        "revenues": 449800000,
        "operatingexpensescogs": 1401600000,
        "systemsdevelopmentprogrammingcosts": 159900000,
        "costofservicesdepreciationandamortization": 62800000,
        "costofservices": 1624300000,
        "sellinggeneralandadministrativeexpense": 624700000,
        "interestexpense": 3000000,
        "operatingexpenses": 2252000000,
        "nonoperatingincomeexpense": 33000000,
        "incomelossfromcontinuingoperationsbeforeincometaxesminorityinterestandincomelossfromequitymethodinvestments": 86200000,
        "incometaxexpensebenefit": 176800000,
        "incomelossfromcontinuingoperationsincludingportionattributabletononcontrollinginterest": 352000000,
        "discontinuedoperationincomelossfromdiscontinuedoperationbeforeincometax": 62300000,
        "discontinuedoperationtaxeffectofdiscontinuedoperation": 23400000,
        "incomelossfromdiscontinuedoperationsnetoftax": 38900000,
        "incomelossfromcontinuingoperationsperbasicshare": 0.73,
        "incomelossfromdiscontinuedoperationsnetoftaxperbasicshare": 0.08,
        "earningspersharebasic": 0.81,
        "incomelossfromcontinuingoperationsperdilutedshare": 0.72,
        "incomelossfromdiscontinuedoperationsnetoftaxperdilutedshare": 0.08,
        "earningspersharediluted": 0.8,
        "weightedaveragenumberofsharesoutstandingbasic": 482100000,
        "weightedaveragenumberofdilutedsharesoutstanding": 486800000,
        "commonstockdividendspersharedeclared": 0.435,
        "directpassthroughcostspeorevenues": 5410900000
    },
    {
        "date": "2012-09-29",
        "symbol": "ADP",
        "period": "Q1",
        "netincomeloss": 305300000,
        "othercomprehensiveincomeforeigncurrencytransactionandtranslationgainlossarisingduringperiodnetoftax": 52500000,
        "othercomprehensiveincomelossavailableforsalesecuritiesadjustmentbeforetax": 100000000,
        "othercomprehensiveincomelossavailableforsalesecuritiestax": 35000000,
        "othercomprehensiveincomelossreclassificationadjustmentforsaleofsecuritiesincludedinnetincomebeforetax": -4500000,
        "othercomprehensiveincomelossreclassificationadjustmentforsaleofsecuritiesincludedinnetincometax": -1200000,
        "othercomprehensiveincomereclassificationofdefinedbenefitplannettransitionassetobligationrecognizedinnetperiodicbenefitcostnetoftax": 7900000,
        "othercomprehensiveincomelossreclassificationpensionandotherpostretirementbenefitplansnetgainlossrecognizedinnetperiodicbenefitcosttax": 2900000,
        "othercomprehensiveincomelossnetoftax": 119200000,
        "comprehensiveincomenetoftax": 424500000,
        "salesrevenuenet": 2081800000,
        "interestonfundsheldclients": 106800000,
        "peorevenues": 448900000,
        "revenues": 1819000000,
        "operatingexpensescogs": 1367500000,
        "systemsdevelopmentprogrammingcosts": 156300000,
        "costofservicesdepreciationandamortization": 62700000,
        "costofservices": 1586500000,
        "sellinggeneralandadministrativeexpense": 611400000,
        "interestexpense": 3100000,
        "operatingexpenses": 2201000000,
        "nonoperatingincomeexpense": 29100000,
        "incomelossfromcontinuingoperationsbeforeincometaxesminorityinterestandincomelossfromequitymethodinvestments": 76000000,
        "incometaxexpensebenefit": 163100000,
        "incomelossfromcontinuingoperationsincludingportionattributabletononcontrollinginterest": 302500000,
        "incomelossfromdiscontinuedoperationsnetoftax": 2800000,
        "incomelossfromcontinuingoperationsperbasicshare": 0.63,
        "incomelossfromdiscontinuedoperationsnetoftaxperbasicshare": 0.01,
        "earningspersharebasic": 0.63,
        "incomelossfromcontinuingoperationsperdilutedshare": 0.62,
        "incomelossfromdiscontinuedoperationsnetoftaxperdilutedshare": 0.01,
        "earningspersharediluted": 0.63,
        "weightedaveragenumberofsharesoutstandingbasic": 483500000,
        "weightedaveragenumberofdilutedsharesoutstanding": 488400000,
        "commonstockdividendspersharedeclared": 0.395,
        "provisionforincometaxesdiscontinuedoperations": 1700000,
        "directpassthroughcostspeorevenues": 4525800000
    },
    {
        "date": "2012-03-30",
        "symbol": "ADP",
        "period": "Q3",
        "salesrevenuenet": 2279000000,
        "interestonfundsheldclients": 133300000,
        "peorevenues": 510800000,
        "revenues": 513700000,
        "operatingexpensescogs": 1413900000,
        "systemsdevelopmentprogrammingcosts": 145400000,
        "costofservicesdepreciationandamortization": 65400000,
        "costofservices": 1624700000,
        "sellinggeneralandadministrativeexpense": 622100000,
        "interestexpense": 1200000,
        "operatingexpenses": 2248000000,
        "nonoperatingincomeexpense": 10500000,
        "incomelossfromcontinuingoperationsbeforeincometaxesminorityinterestandincomelossfromequitymethodinvestments": 45900000,
        "incometaxexpensebenefit": 233200000,
        "netincomeloss": 452400000,
        "earningspersharebasic": 0.93,
        "earningspersharediluted": 0.92,
        "weightedaveragenumberofsharesoutstandingbasic": 488500000,
        "weightedaveragenumberofdilutedsharesoutstanding": 493200000,
        "commonstockdividendspersharedeclared": 0.395,
        "directpassthroughcostspeorevenues": 4586000000
    },
    {
        "date": "2011-12-30",
        "symbol": "ADP",
        "period": "Q2",
        "salesrevenuenet": 2054000000,
        "interestonfundsheldclients": 117900000,
        "peorevenues": 411100000,
        "revenues": 413800000,
        "operatingexpensescogs": 1307700000,
        "systemsdevelopmentprogrammingcosts": 149100000,
        "costofservicesdepreciationandamortization": 63100000,
        "costofservices": 1519900000,
        "sellinggeneralandadministrativeexpense": 577500000,
        "interestexpense": 2100000,
        "operatingexpenses": 2099500000,
        "nonoperatingincomeexpense": 96200000,
        "incomelossfromcontinuingoperationsbeforeincometaxesminorityinterestandincomelossfromequitymethodinvestments": 42400000,
        "incometaxexpensebenefit": 204700000,
        "netincomeloss": 375000000,
        "earningspersharebasic": 0.77,
        "earningspersharediluted": 0.76,
        "weightedaveragenumberofsharesoutstandingbasic": 486700000,
        "weightedaveragenumberofdilutedsharesoutstanding": 492400000,
        "commonstockdividendspersharedeclared": 0.395,
        "directpassthroughcostspeorevenues": 4810400000
    },
    {
        "date": "2011-09-29",
        "symbol": "ADP",
        "period": "Q1",
        "salesrevenuenet": 2002700000,
        "interestonfundsheldclients": 121900000,
        "peorevenues": 397900000,
        "revenues": 2522500000,
        "operatingexpensescogs": 1292700000,
        "systemsdevelopmentprogrammingcosts": 149700000,
        "costofservicesdepreciationandamortization": 63700000,
        "costofservices": 1506100000,
        "sellinggeneralandadministrativeexpense": 589200000,
        "interestexpense": 2100000,
        "operatingexpenses": 2097400000,
        "nonoperatingincomeexpense": 34200000,
        "incomelossfromcontinuingoperationsbeforeincometaxesminorityinterestandincomelossfromequitymethodinvestments": 459300000,
        "incometaxexpensebenefit": 156600000,
        "netincomeloss": 302700000,
        "earningspersharebasic": 0.62,
        "earningspersharediluted": 0.61,
        "weightedaveragenumberofsharesoutstandingbasic": 487900000,
        "weightedaveragenumberofdilutedsharesoutstanding": 493300000,
        "dividendspayableamountpershare": 0.36,
        "directpassthroughcostspeorevenues": 3935300000
    },
    {
        "date": "2011-03-30",
        "symbol": "ADP",
        "period": "Q3",
        "salesrevenuenet": 2143500000,
        "interestonfundsheldclients": -148600000,
        "peorevenues": 445200000,
        "revenues": 447800000,
        "operatingexpensescogs": 1300300000,
        "systemsdevelopmentprogrammingcosts": 155800000,
        "costofservicesdepreciationandamortization": 64500000,
        "costofservices": 1520600000,
        "sellinggeneralandadministrativeexpense": 577300000,
        "interestexpense": 1400000,
        "operatingexpenses": 2099300000,
        "nonoperatingincomeexpense": 15000000,
        "incomelossfromcontinuingoperationsbeforeincometaxesminorityinterestandincomelossfromequitymethodinvestments": 37800000,
        "incometaxexpensebenefit": 229200000,
        "incomelossfromcontinuingoperationsincludingportionattributabletononcontrollinginterest": 423800000,
        "netincomeloss": 423800000,
        "incomelossfromcontinuingoperationsperbasicshare": 0.85,
        "earningspersharebasic": 0.85,
        "incomelossfromcontinuingoperationsperdilutedshare": 0.85,
        "earningspersharediluted": 0.85,
        "weightedaveragenumberofsharesoutstandingbasic": 496200000,
        "weightedaveragenumberofdilutedsharesoutstanding": 501300000,
        "commonstockdividendspersharedeclared": 0.36,
        "directpassthroughcostspeorevenues": 4177900000
    },
    {
        "date": "2010-12-30",
        "symbol": "ADP",
        "period": "Q2",
        "salesrevenuenet": 1921000000,
        "interestonfundsheldclients": -129000000,
        "peorevenues": 355700000,
        "revenues": 358200000,
        "operatingexpensescogs": 1173600000,
        "systemsdevelopmentprogrammingcosts": 142100000,
        "costofservicesdepreciationandamortization": 64600000,
        "costofservices": 1380300000,
        "sellinggeneralandadministrativeexpense": 570100000,
        "interestexpense": 2800000,
        "operatingexpenses": 1953200000,
        "nonoperatingincomeexpense": 32100000,
        "incomelossfromcontinuingoperationsbeforeincometaxesminorityinterestandincomelossfromequitymethodinvestments": 35800000,
        "incometaxexpensebenefit": 174500000,
        "incomelossfromcontinuingoperationsincludingportionattributabletononcontrollinginterest": 310100000,
        "netincomeloss": 310100000,
        "incomelossfromcontinuingoperationsperbasicshare": 0.63,
        "earningspersharebasic": 0.63,
        "incomelossfromcontinuingoperationsperdilutedshare": 0.62,
        "earningspersharediluted": 0.62,
        "weightedaveragenumberofsharesoutstandingbasic": 492000000,
        "weightedaveragenumberofdilutedsharesoutstanding": 496900000,
        "commonstockdividendspersharedeclared": 0.36,
        "directpassthroughcostspeorevenues": 4231300000
    },
    {
        "date": "2010-09-29",
        "symbol": "ADP",
        "period": "Q1",
        "salesrevenuenet": 1763700000,
        "interestonfundsheldclients": -126800000,
        "peorevenues": 338900000,
        "revenues": 341300000,
        "operatingexpensescogs": 1116700000,
        "systemsdevelopmentprogrammingcosts": 134900000,
        "costofservicesdepreciationandamortization": 60300000,
        "costofservices": 1311900000,
        "sellinggeneralandadministrativeexpense": 515600000,
        "interestexpense": 2700000,
        "operatingexpenses": 1830200000,
        "nonoperatingincomeexpense": 37200000,
        "incomelossfromcontinuingoperationsbeforeincometaxesminorityinterestandincomelossfromequitymethodinvestments": 28300000,
        "incometaxexpensebenefit": 157900000,
        "incomelossfromcontinuingoperationsincludingportionattributabletononcontrollinginterest": 278500000,
        "netincomeloss": 278500000,
        "incomelossfromcontinuingoperationsperbasicshare": 0.57,
        "earningspersharebasic": 0.57,
        "incomelossfromcontinuingoperationsperdilutedshare": 0.56,
        "earningspersharediluted": 0.56,
        "weightedaveragenumberofsharesoutstandingbasic": 491400000,
        "weightedaveragenumberofdilutedsharesoutstanding": 494900000,
        "commonstockdividendspersharedeclared": 0.34,
        "directpassthroughcostspeorevenues": 3351300000
    },
    {
        "date": "2009-12-30",
        "symbol": "ADP",
        "period": "Q2",
        "salesrevenuenet": 1767800000,
        "interestonfundsheldclients": -127700000,
        "peorevenues": 308900000,
        "revenues": 2204400000,
        "operatingexpensescogs": 1050400000,
        "systemsdevelopmentprogrammingcosts": 121000000,
        "costofgoodssolddepreciationandamortization": 59900000,
        "costofgoodsandservicessold": 1231300000,
        "sellinggeneralandadministrativeexpense": 520100000,
        "interestexpense": 2500000,
        "operatingexpenses": 1753900000,
        "nonoperatingincomeexpense": 29600000,
        "incomelossfromcontinuingoperationsbeforeincometaxesminorityinterestandincomelossfromequitymethodinvestments": 480100000,
        "incometaxexpensebenefit": 164300000,
        "incomelossfromcontinuingoperationsincludingportionattributabletononcontrollinginterest": 315800000,
        "netincomeloss": 315800000,
        "incomelossfromcontinuingoperationsperbasicshare": 0.63,
        "earningspersharebasic": 0.63,
        "incomelossfromcontinuingoperationsperdilutedshare": 0.62,
        "earningspersharediluted": 0.62,
        "weightedaveragenumberofsharesoutstandingbasic": 502000000,
        "weightedaveragenumberofdilutedsharesoutstanding": 506200000,
        "commonstockdividendspersharedeclared": 0.34
    },
    {
        "date": "2009-09-29",
        "symbol": "ADP",
        "period": "Q1",
        "salesrevenuenet": 1681000000,
        "interestonfundsheldclients": -127900000,
        "peorevenues": 293900000,
        "revenues": 2102800000,
        "operatingexpensescogs": 1006800000,
        "systemsdevelopmentprogrammingcosts": 126100000,
        "costofgoodssolddepreciationandamortization": 60400000,
        "costofgoodsandservicessold": 1193300000,
        "sellinggeneralandadministrativeexpense": 492700000,
        "interestexpense": 3200000,
        "operatingexpenses": 1689200000,
        "nonoperatingincomeexpense": 33700000,
        "incomelossfromcontinuingoperationsbeforeincometaxesminorityinterestandincomelossfromequitymethodinvestments": 447300000,
        "incometaxexpensebenefit": 163200000,
        "incomelossfromcontinuingoperationsincludingportionattributabletononcontrollinginterest": 284100000,
        "netincomeloss": 284100000,
        "incomelossfromcontinuingoperationsperbasicshare": 0.57,
        "earningspersharebasic": 0.57,
        "incomelossfromcontinuingoperationsperdilutedshare": 0.56,
        "earningspersharediluted": 0.56,
        "weightedaveragenumberofsharesoutstandingbasic": 501400000,
        "weightedaveragenumberofdilutedsharesoutstanding": 503700000,
        "commonstockdividendspersharedeclared": 0.33
    }
]