[
    {
        "date": "2024-09-29",
        "symbol": "TYL",
        "period": "Q3",
        "revenuefromcontractwithcustomerexcludingassessedtax": 543337000,
        "costofgoodsandservicessold": 9244000,
        "grossprofit": 237460000,
        "sellingandmarketingexpense": 38203000,
        "generalandadministrativeexpense": 72460000,
        "researchanddevelopmentexpensesoftwareexcludingacquiredinprocesscost": 30120000,
        "amortizationofcustomerandtradenamesintangibleassets": 13850000,
        "operatingincomeloss": 105921000,
        "interestexpensenonoperating": 1235000,
        "othernonoperatingincomeexpense": 4504000,
        "incomelossfromcontinuingoperationsbeforeincometaxesextraordinaryitemsnoncontrollinginterest": 86096000,
        "incometaxexpensebenefit": 10199000,
        "netincomeloss": 75897000,
        "earningspersharebasic": 1.78,
        "earningspersharediluted": 1.74,
        "othercomprehensiveincomeunrealizedholdinggainlossonsecuritiesarisingduringperiodnetoftax": 56000,
        "othercomprehensiveincomelossreclassificationadjustmentfromaociforsaleofsecuritiesnetoftax": 1000,
        "othercomprehensiveincomelossnetoftaxportionattributabletoparent": 55000,
        "comprehensiveincomenetoftax": 75952000
    },
    {
        "date": "2024-06-29",
        "symbol": "TYL",
        "period": "Q2",
        "revenuefromcontractwithcustomerexcludingassessedtax": 333682000,
        "costofgoodsandservicessold": 277145000,
        "grossprofit": 237816000,
        "sellingandmarketingexpense": 41565000,
        "generalandadministrativeexpense": 75420000,
        "researchanddevelopmentexpensesoftwareexcludingacquiredinprocesscost": 28951000,
        "amortizationofcustomerandtradenamesintangibleassets": 13845000,
        "operatingincomeloss": 78035000,
        "interestexpensenonoperating": 1253000,
        "othernonoperatingincomeexpense": 1883000,
        "incomelossfromcontinuingoperationsbeforeincometaxesextraordinaryitemsnoncontrollinginterest": 78665000,
        "incometaxexpensebenefit": 10927000,
        "netincomeloss": 67738000,
        "earningspersharebasic": 1.59,
        "earningspersharediluted": 1.57,
        "othercomprehensiveincomeunrealizedholdinggainlossonsecuritiesarisingduringperiodnetoftax": 55000,
        "othercomprehensiveincomelossnetoftaxportionattributabletoparent": 55000,
        "comprehensiveincomenetoftax": 67793000
    },
    {
        "date": "2023-12-30",
        "symbol": "TYL",
        "period": "Q4",
        "revenuefromcontractwithcustomerexcludingassessedtax": 286068000,
        "costofgoodsandservicessold": 245236000,
        "grossprofit": 212925000,
        "sellingandmarketingexpense": 39666000,
        "generalandadministrativeexpense": 80015000,
        "researchanddevelopmentexpensesoftwareexcludingacquiredinprocesscost": 26164000,
        "amortizationofcustomerandtradenamesintangibleassets": 19332000,
        "operatingincomeloss": 47748000,
        "interestincomeexpensenet": -3750000,
        "othernonoperatingincomeexpense": 652000,
        "incomelossfromcontinuingoperationsbeforeincometaxesextraordinaryitemsnoncontrollinginterest": 44650000,
        "incometaxexpensebenefit": 5747000,
        "netincomeloss": 38903000,
        "earningspersharebasic": 0.9299999999999999,
        "earningspersharediluted": 0.9099999999999997,
        "othercomprehensiveincomeunrealizedholdinggainlossonsecuritiesarisingduringperiodnetoftax": 197000,
        "othercomprehensiveincomelossnetoftaxportionattributabletoparent": 196000,
        "comprehensiveincomenetoftax": 39099000
    },
    {
        "date": "2023-09-29",
        "symbol": "TYL",
        "period": "Q3",
        "revenuefromcontractwithcustomerexcludingassessedtax": 878008000,
        "costofgoodsandservicessold": 202867000,
        "grossprofit": 225160000,
        "sellingandmarketingexpense": 35898000,
        "generalandadministrativeexpense": 78519000,
        "researchanddevelopmentexpensesoftwareexcludingacquiredinprocesscost": 28281000,
        "amortizationofcustomerandtradenamesintangibleassets": 18527000,
        "operatingincomeloss": 9318000,
        "interestincomeexpensenet": -5808000,
        "othernonoperatingincomeexpense": 787000,
        "incomelossfromcontinuingoperationsbeforeincometaxesextraordinaryitemsnoncontrollinginterest": 58914000,
        "incometaxexpensebenefit": 11903000,
        "netincomeloss": 47011000,
        "earningspersharebasic": 1.11,
        "earningspersharediluted": 1.0900000000000003,
        "othercomprehensiveincomeunrealizedholdinggainlossonsecuritiesarisingduringperiodnetoftax": 263000,
        "othercomprehensiveincomelossnetoftaxportionattributabletoparent": 263000,
        "comprehensiveincomenetoftax": 47274000
    },
    {
        "date": "2023-06-29",
        "symbol": "TYL",
        "period": "Q2",
        "revenuefromcontractwithcustomerexcludingassessedtax": 519000,
        "costofgoodsandservicessold": 281102000,
        "grossprofit": 223177000,
        "sellingandmarketingexpense": 37103000,
        "generalandadministrativeexpense": 77681000,
        "researchanddevelopmentexpensesoftwareexcludingacquiredinprocesscost": 28153000,
        "amortizationofcustomerandtradenamesintangibleassets": 18366000,
        "operatingincomeloss": 89164000,
        "interestincomeexpensenet": -6387000,
        "othernonoperatingincomeexpense": 643000,
        "incomelossfromcontinuingoperationsbeforeincometaxesextraordinaryitemsnoncontrollinginterest": 56130000,
        "incometaxexpensebenefit": 7000000,
        "netincomeloss": 49130000,
        "earningspersharebasic": 1.17,
        "earningspersharediluted": 1.15,
        "othercomprehensiveincomeunrealizedholdinggainlossonsecuritiesarisingduringperiodnetoftax": -36000,
        "othercomprehensiveincomelossreclassificationadjustmentfromaociforsaleofsecuritiesnetoftax": -1000,
        "othercomprehensiveincomelossnetoftaxportionattributabletoparent": -35000,
        "comprehensiveincomenetoftax": 49095000
    },
    {
        "date": "2023-03-30",
        "symbol": "TYL",
        "period": "Q1",
        "revenuefromcontractwithcustomerexcludingassessedtax": -5083000,
        "costofgoodsandservicessold": 272016000,
        "grossprofit": 199837000,
        "sellingandmarketingexpense": 37103000,
        "generalandadministrativeexpense": 72360000,
        "researchanddevelopmentexpensesoftwareexcludingacquiredinprocesscost": 26987000,
        "amortizationofcustomerandtradenamesintangibleassets": 18407000,
        "operatingincomeloss": 72307000,
        "interestincomeexpensenet": -7684000,
        "othernonoperatingincomeexpense": 1246000,
        "incomelossfromcontinuingoperationsbeforeincometaxesextraordinaryitemsnoncontrollinginterest": 38542000,
        "incometaxexpensebenefit": 7667000,
        "netincomeloss": 30875000,
        "earningspersharebasic": 0.74,
        "earningspersharediluted": 0.73,
        "othercomprehensiveincomeunrealizedholdinggainlossonsecuritiesarisingduringperiodnetoftax": 94000,
        "othercomprehensiveincomelossnetoftaxportionattributabletoparent": 94000,
        "comprehensiveincomenetoftax": 30969000
    },
    {
        "date": "2022-12-30",
        "symbol": "TYL",
        "period": "Q4",
        "revenuefromcontractwithcustomerexcludingassessedtax": -5101000,
        "costofgoodsandservicessold": -755261000,
        "grossprofit": 193333000,
        "researchanddevelopmentexpensesoftwareexcludingacquiredinprocesscost": 32667000,
        "amortizationofcustomerandtradenamesintangibleassets": 18104000,
        "operatingincomeloss": 70125000,
        "interestincomeexpensenet": -8103000,
        "othernonoperatingincomeexpense": 1011000,
        "incomelossfromcontinuingoperationsbeforeincometaxesextraordinaryitemsnoncontrollinginterest": 33619000,
        "incometaxexpensebenefit": 2542000,
        "netincomeloss": 31077000,
        "earningspersharebasic": 0.74,
        "earningspersharediluted": 0.73,
        "othercomprehensiveincomeunrealizedholdinggainlossonsecuritiesarisingduringperiodnetoftax": 2000,
        "othercomprehensiveincomelossreclassificationadjustmentfromaociforsaleofsecuritiesnetoftax": 0,
        "othercomprehensiveincomelossnetoftaxportionattributabletoparent": 2000,
        "comprehensiveincomenetoftax": 31079000
    },
    {
        "date": "2022-09-29",
        "symbol": "TYL",
        "period": "Q3",
        "revenuefromcontractwithcustomerexcludingassessedtax": -3392000,
        "costofgoodsandservicessold": 268527000,
        "grossprofit": 204664000,
        "sellinggeneralandadministrativeexpense": 103620000,
        "researchanddevelopmentexpensesoftwareexcludingacquiredinprocesscost": 25190000,
        "amortizationofcustomerandtradenamesintangibleassets": 14941000,
        "operatingincomeloss": 89476000,
        "interestincomeexpensenet": -9258000,
        "othernonoperatingincomeexpense": 131000,
        "incomelossfromcontinuingoperationsbeforeincometaxesextraordinaryitemsnoncontrollinginterest": 51786000,
        "incometaxexpensebenefit": -1447000,
        "netincomeloss": 53233000,
        "earningspersharebasic": 1.28,
        "earningspersharediluted": 1.2600000000000002,
        "othercomprehensiveincomeunrealizedholdinggainlossonsecuritiesarisingduringperiodnetoftax": -109000,
        "othercomprehensiveincomelossreclassificationadjustmentfromaociforsaleofsecuritiesnetoftax": -72000,
        "othercomprehensiveincomelossnetoftaxportionattributabletoparent": -37000,
        "comprehensiveincomenetoftax": 53196000
    },
    {
        "date": "2022-06-29",
        "symbol": "TYL",
        "period": "Q2",
        "revenuefromcontractwithcustomerexcludingassessedtax": -1732000,
        "costofgoodsandservicessold": 275236000,
        "grossprofit": 193448000,
        "sellinggeneralandadministrativeexpense": 99701000,
        "researchanddevelopmentexpensesoftwareexcludingacquiredinprocesscost": 23386000,
        "amortizationofcustomerandtradenamesintangibleassets": 13604000,
        "operatingincomeloss": 84400000,
        "interestincomeexpensenet": -6214000,
        "othernonoperatingincomeexpense": 217000,
        "incomelossfromcontinuingoperationsbeforeincometaxesextraordinaryitemsnoncontrollinginterest": 50760000,
        "incometaxexpensebenefit": 10814000,
        "netincomeloss": 39946000,
        "earningspersharebasic": 0.96,
        "earningspersharediluted": 0.94,
        "othercomprehensiveincomeunrealizedholdinggainlossonsecuritiesarisingduringperiodnetoftax": -114000,
        "othercomprehensiveincomelossreclassificationadjustmentfromaociheldtomaturitysecuritiesnetoftax": 0,
        "othercomprehensiveincomelossreclassificationadjustmentfromaociforsaleofsecuritiesnetoftax": -48000,
        "othercomprehensiveincomelossnetoftaxportionattributabletoparent": -66000,
        "comprehensiveincomenetoftax": 39880000
    },
    {
        "date": "2022-03-30",
        "symbol": "TYL",
        "period": "Q1",
        "revenuefromcontractwithcustomerexcludingassessedtax": -5589000,
        "costofgoodsandservicessold": 263690000,
        "grossprofit": 192418000,
        "sellinggeneralandadministrativeexpense": 97895000,
        "researchanddevelopmentexpensesoftwareexcludingacquiredinprocesscost": 23941000,
        "amortizationofcustomerandtradenamesintangibleassets": 14714000,
        "operatingincomeloss": 83803000,
        "interestincomeexpensenet": -4804000,
        "othernonoperatingincomeexpense": 364000,
        "incomelossfromcontinuingoperationsbeforeincometaxesextraordinaryitemsnoncontrollinginterest": 51428000,
        "incometaxexpensebenefit": 11444000,
        "netincomeloss": 39984000,
        "earningspersharebasic": 0.97,
        "earningspersharediluted": 0.94,
        "othercomprehensiveincomeunrealizedholdinggainlossonsecuritiesarisingduringperiodnetoftax": -629000,
        "othercomprehensiveincomelossreclassificationadjustmentfromaociheldtomaturitysecuritiesnetoftax": 27000,
        "othercomprehensiveincomelossreclassificationadjustmentfromaociforsaleofsecuritiesnetoftax": 41000,
        "othercomprehensiveincomelossnetoftaxportionattributabletoparent": -697000,
        "comprehensiveincomenetoftax": 39287000
    },
    {
        "date": "2021-12-30",
        "symbol": "TYL",
        "period": "Q4",
        "revenuefromcontractwithcustomerexcludingassessedtax": -6948000,
        "costofgoodsandservicessold": 246377000,
        "grossprofit": 187160000,
        "sellinggeneralandadministrativeexpense": 101036000,
        "researchanddevelopmentexpensesoftwareexcludingacquiredinprocesscost": 24238000,
        "amortizationofcustomerandtradenamesintangibleassets": 13834000,
        "operatingincomeloss": 74804000,
        "othernonoperatingincomeexpense": 13210000,
        "incomelossfromcontinuingoperationsbeforeincometaxesextraordinaryitemsnoncontrollinginterest": 43360000,
        "incometaxexpensebenefit": -11422000,
        "netincomeloss": 54782000,
        "earningspersharebasic": 1.33,
        "earningspersharediluted": 1.29
    },
    {
        "date": "2021-09-29",
        "symbol": "TYL",
        "period": "Q3",
        "revenuefromcontractwithcustomerexcludingassessedtax": -5055000,
        "costofgoodsandservicessold": 263657000,
        "grossprofit": 196216000,
        "sellinggeneralandadministrativeexpense": 101847000,
        "researchanddevelopmentexpensesoftwareexcludingacquiredinprocesscost": 24002000,
        "amortizationofcustomerandtradenamesintangibleassets": 14183000,
        "operatingincomeloss": 83263000,
        "interestincomeexpensenet": -5396000,
        "othernonoperatingincomeexpense": 445000,
        "incomelossfromcontinuingoperationsbeforeincometaxesextraordinaryitemsnoncontrollinginterest": 51233000,
        "incometaxexpensebenefit": 7063000,
        "netincomeloss": 44170000,
        "earningspersharebasic": 1.08,
        "earningspersharediluted": 1.04
    },
    {
        "date": "2021-06-29",
        "symbol": "TYL",
        "period": "Q2",
        "revenuefromcontractwithcustomerexcludingassessedtax": 17604000,
        "costofgoodsandservicessold": 1368000,
        "grossprofit": 182061000,
        "sellinggeneralandadministrativeexpense": 108922000,
        "researchanddevelopmentexpensesoftwareexcludingacquiredinprocesscost": 23428000,
        "amortizationofcustomerandtradenamesintangibleassets": 11420000,
        "operatingincomeloss": 38291000,
        "othernonoperatingincomeexpense": -12199000,
        "incomelossfromcontinuingoperationsbeforeincometaxesextraordinaryitemsnoncontrollinginterest": 26092000,
        "incometaxexpensebenefit": 562000,
        "netincomeloss": 25530000,
        "earningspersharebasic": 0.63,
        "earningspersharediluted": 0.61
    },
    {
        "date": "2021-03-30",
        "symbol": "TYL",
        "period": "Q1",
        "revenuefromcontractwithcustomerexcludingassessedtax": 14933000,
        "costofgoodsandservicessold": 1236000,
        "grossprofit": 144207000,
        "sellinggeneralandadministrativeexpense": 78774000,
        "researchanddevelopmentexpensesoftwareexcludingacquiredinprocesscost": 21813000,
        "amortizationofcustomerandtradenamesintangibleassets": 5412000,
        "operatingincomeloss": 38208000,
        "othernonoperatingincomeexpense": 88000,
        "incomelossfromcontinuingoperationsbeforeincometaxesextraordinaryitemsnoncontrollinginterest": 38296000,
        "incometaxexpensebenefit": 1320000,
        "netincomeloss": 36976000,
        "earningspersharebasic": 0.91,
        "earningspersharediluted": 0.88
    },
    {
        "date": "2020-12-30",
        "symbol": "TYL",
        "period": "Q4",
        "revenuefromcontractwithcustomerexcludingassessedtax": 17465000,
        "costofgoodsandservicessold": 292000,
        "grossprofit": 138669000,
        "sellinggeneralandadministrativeexpense": 62736000,
        "researchanddevelopmentexpensesoftwareexcludingacquiredinprocesscost": 22411000,
        "amortizationofcustomerandtradenamesintangibleassets": 5486000,
        "operatingincomeloss": 48036000,
        "othernonoperatingincomeexpense": 376000,
        "incomelossfromcontinuingoperationsbeforeincometaxesextraordinaryitemsnoncontrollinginterest": 48412000,
        "incometaxexpensebenefit": -5682000,
        "netincomeloss": 54094000,
        "earningspersharebasic": 1.34,
        "earningspersharediluted": 1.2900000000000003
    },
    {
        "date": "2020-09-29",
        "symbol": "TYL",
        "period": "Q3",
        "revenuefromcontractwithcustomerexcludingassessedtax": 19937000,
        "costofgoodsandservicessold": 1177000,
        "grossprofit": 143509000,
        "sellinggeneralandadministrativeexpense": 66819000,
        "researchanddevelopmentexpensesoftwareexcludingacquiredinprocesscost": 21642000,
        "amortizationofcustomerandtradenamesintangibleassets": 5392000,
        "operatingincomeloss": 49656000,
        "othernonoperatingincomeexpense": 280000,
        "incomelossfromcontinuingoperationsbeforeincometaxesextraordinaryitemsnoncontrollinginterest": 49936000,
        "incometaxexpensebenefit": 10652000,
        "netincomeloss": 39284000,
        "earningspersharebasic": 0.98,
        "earningspersharediluted": 0.94
    },
    {
        "date": "2020-06-29",
        "symbol": "TYL",
        "period": "Q2",
        "revenuefromcontractwithcustomerexcludingassessedtax": 17025000,
        "costofgoodsandservicessold": 1130000,
        "grossprofit": 131203000,
        "sellinggeneralandadministrativeexpense": 62521000,
        "researchanddevelopmentexpensesoftwareexcludingacquiredinprocesscost": 21949000,
        "amortizationofcustomerandtradenamesintangibleassets": 5392000,
        "operatingincomeloss": 41341000,
        "othernonoperatingincomeexpense": 470000,
        "incomelossfromcontinuingoperationsbeforeincometaxesextraordinaryitemsnoncontrollinginterest": 41811000,
        "incometaxexpensebenefit": -12081000,
        "netincomeloss": 53892000,
        "earningspersharebasic": 1.35,
        "earningspersharediluted": 1.3
    },
    {
        "date": "2020-03-30",
        "symbol": "TYL",
        "period": "Q1",
        "revenuefromcontractwithcustomerexcludingassessedtax": 18737000,
        "costofgoodsandservicessold": 740000,
        "grossprofit": 129131000,
        "sellinggeneralandadministrativeexpense": 67485000,
        "researchanddevelopmentexpensesoftwareexcludingacquiredinprocesscost": 22361000,
        "amortizationofcustomerandtradenamesintangibleassets": 5392000,
        "operatingincomeloss": 33893000,
        "othernonoperatingincomeexpense": 990000,
        "incomelossfromcontinuingoperationsbeforeincometaxesextraordinaryitemsnoncontrollinginterest": 34883000,
        "incometaxexpensebenefit": -12667000,
        "netincomeloss": 47550000,
        "earningspersharebasic": 1.2,
        "earningspersharediluted": 1.16
    },
    {
        "date": "2019-12-30",
        "symbol": "TYL",
        "period": "Q4",
        "revenuefromcontractwithcustomerexcludingassessedtax": 32358000,
        "costofgoodsandservicessold": 1258000,
        "grossprofit": 142275000,
        "sellinggeneralandadministrativeexpense": 70265000,
        "researchanddevelopmentexpensesoftwareexcludingacquiredinprocesscost": 21170000,
        "operatingincomeloss": 45157000,
        "othernonoperatingincomeexpense": 2633000,
        "incomelossfromcontinuingoperationsbeforeincometaxesextraordinaryitemsnoncontrollinginterest": 47790000,
        "incometaxexpensebenefit": 1000000,
        "netincomeloss": 46790000,
        "earningspersharebasic": 1.21,
        "earningspersharediluted": 1.16
    },
    {
        "date": "2019-09-29",
        "symbol": "TYL",
        "period": "Q3",
        "revenuefromcontractwithcustomerexcludingassessedtax": 25379000,
        "costofgoodsandservicessold": 971000,
        "grossprofit": 130717000,
        "sellinggeneralandadministrativeexpense": 63888000,
        "researchanddevelopmentexpensesoftwareexcludingacquiredinprocesscost": 21130000,
        "otherdepreciationandamortization": 5646000,
        "operatingincomeloss": 40053000,
        "othernonoperatingincomeexpense": 499000,
        "incomelossfromcontinuingoperationsbeforeincometaxesextraordinaryitemsnoncontrollinginterest": 40552000,
        "incometaxexpensebenefit": 162000,
        "netincomeloss": 40390000,
        "earningspersharebasic": 1.04,
        "earningspersharediluted": 1
    },
    {
        "date": "2019-06-29",
        "symbol": "TYL",
        "period": "Q2",
        "revenuefromcontractwithcustomerexcludingassessedtax": 20675000,
        "costofgoodsandservicessold": 891000,
        "grossprofit": 127860000,
        "sellinggeneralandadministrativeexpense": 65827000,
        "researchanddevelopmentexpensesoftwareexcludingacquiredinprocesscost": 20101000,
        "otherdepreciationandamortization": 5266000,
        "operatingincomeloss": 36666000,
        "othernonoperatingincomeexpense": -247000,
        "incomelossfromcontinuingoperationsbeforeincometaxesextraordinaryitemsnoncontrollinginterest": 36419000,
        "incometaxexpensebenefit": 4420000,
        "netincomeloss": 31999000,
        "earningspersharebasic": 0.83,
        "earningspersharediluted": 0.8
    },
    {
        "date": "2019-03-30",
        "symbol": "TYL",
        "period": "Q1",
        "revenuefromcontractwithcustomerexcludingassessedtax": 21793000,
        "costofgoodsandservicessold": 818000,
        "grossprofit": 116048000,
        "sellinggeneralandadministrativeexpense": 57766000,
        "researchanddevelopmentexpensesoftwareexcludingacquiredinprocesscost": 18941000,
        "amortizationofintangibleassets": 4850000,
        "operatingincomeloss": 34491000,
        "othernonoperatingincomeexpense": 586000,
        "incomelossfromcontinuingoperationsbeforeincometaxesextraordinaryitemsnoncontrollinginterest": 35077000,
        "incometaxexpensebenefit": 7729000,
        "netincomeloss": 27348000,
        "earningspersharebasic": 0.71,
        "earningspersharediluted": 0.69
    },
    {
        "date": "2018-12-30",
        "symbol": "TYL",
        "period": "Q4",
        "costofgoodsandservicessold": 99559000,
        "grossprofit": 115871000,
        "sellinggeneralandadministrativeexpense": 55134000,
        "researchanddevelopmentexpensesoftwareexcludingacquiredinprocesscost": 17371000,
        "operatingincomeloss": 80570000,
        "othernonoperatingincomeexpense": 1180000,
        "incomelossfromcontinuingoperationsbeforeincometaxesextraordinaryitemsnoncontrollinginterest": 40107000,
        "incometaxexpensebenefit": 8555000,
        "netincomeloss": 31552000,
        "earningspersharebasic": 0.8199999999999998,
        "earningspersharediluted": 0.8000000000000003
    },
    {
        "date": "2018-09-29",
        "symbol": "TYL",
        "period": "Q3",
        "revenuefromcontractwithcustomerexcludingassessedtax": 213728000,
        "costofgoodsandservicessold": 111508000,
        "grossprofit": 111626000,
        "sellinggeneralandadministrativeexpense": 52605000,
        "researchanddevelopmentexpensesoftwareexcludingacquiredinprocesscost": 17050000,
        "amortizationofintangibleassets": 4386000,
        "operatingincomeloss": 59334000,
        "othernonoperatingincomeexpense": 1041000,
        "incomelossfromcontinuingoperationsbeforeincometaxesextraordinaryitemsnoncontrollinginterest": 38626000,
        "incometaxexpensebenefit": -298000,
        "netincomeloss": 38924000,
        "earningspersharebasic": 1,
        "earningspersharediluted": 0.96
    },
    {
        "date": "2018-06-29",
        "symbol": "TYL",
        "period": "Q2",
        "revenuefromcontractwithcustomerexcludingassessedtax": 210431000,
        "costofgoodsandservicessold": 109487000,
        "grossprofit": 109276000,
        "sellinggeneralandadministrativeexpense": 52262000,
        "researchanddevelopmentexpensesoftwareexcludingacquiredinprocesscost": 15831000,
        "amortizationofintangibleassets": 4041000,
        "operatingincomeloss": 58417000,
        "othernonoperatingincomeexpense": 558000,
        "incomelossfromcontinuingoperationsbeforeincometaxesextraordinaryitemsnoncontrollinginterest": 37700000,
        "incometaxexpensebenefit": -1461000,
        "netincomeloss": 39161000,
        "earningspersharebasic": 1.02,
        "earningspersharediluted": 0.97
    },
    {
        "date": "2018-03-30",
        "symbol": "TYL",
        "period": "Q1",
        "licensesrevenue": 22776000,
        "subscriptionrevenues": 49028000,
        "technologyservicesrevenue": 45939000,
        "maintenancerevenue": 93897000,
        "appraisalservicesrevenue": 5394000,
        "hardwareandotherrevenue": 4140000,
        "salesrevenuenet": 221174000,
        "licensecosts": 778000,
        "costofgoodssoldamortization": 5382000,
        "softwareservicesmaintenanceandsubscriptionscosts": 106085000,
        "appraisalservices": 3781000,
        "hardwareandothercosts": 2343000,
        "costofgoodsandservicessold": 118369000,
        "grossprofit": 102805000,
        "sellinggeneralandadministrativeexpense": 47604000,
        "researchanddevelopmentexpensesoftwareexcludingacquiredinprocesscost": 13048000,
        "amortizationofintangibleassets": 3315000,
        "operatingincomeloss": 38838000,
        "othernonoperatingincomeexpense": 599000,
        "incomelossfromcontinuingoperationsbeforeincometaxesextraordinaryitemsnoncontrollinginterest": 39437000,
        "incometaxexpensebenefit": 1612000,
        "netincomeloss": 37825000,
        "earningspersharebasic": 1,
        "earningspersharediluted": 0.95
    },
    {
        "date": "2017-09-29",
        "symbol": "TYL",
        "period": "Q3",
        "licensesrevenue": 18223000,
        "subscriptionrevenues": 42826000,
        "technologyservicesrevenue": 42295000,
        "maintenancerevenue": 86576000,
        "appraisalservicesrevenue": 6290000,
        "hardwareandotherrevenue": 3412000,
        "salesrevenuenet": 195992000,
        "licensecosts": 826000,
        "costofgoodssoldamortization": 5473000,
        "softwareservicesmaintenanceandsubscriptionscosts": 98036000,
        "appraisalservices": 4089000,
        "hardwareandothercosts": 2293000,
        "costofgoodsandservicessold": 110717000,
        "grossprofit": 103429000,
        "sellinggeneralandadministrativeexpense": 44656000,
        "researchanddevelopmentexpensesoftwareexcludingacquiredinprocesscost": 11834000,
        "amortizationofintangibleassets": 3492000,
        "operatingincomeloss": 60511000,
        "othernonoperatingincomeexpense": 75000,
        "incomelossfromcontinuingoperationsbeforeincometaxesextraordinaryitemsnoncontrollinginterest": 43522000,
        "incometaxexpensebenefit": 5259000,
        "netincomeloss": 38263000,
        "earningspersharebasic": 1.02,
        "earningspersharediluted": 0.97
    },
    {
        "date": "2017-06-29",
        "symbol": "TYL",
        "period": "Q2",
        "licensesrevenue": 15354000,
        "subscriptionrevenues": 39051000,
        "technologyservicesrevenue": 42696000,
        "maintenancerevenue": 84306000,
        "appraisalservicesrevenue": 6366000,
        "hardwareandotherrevenue": 3295000,
        "salesrevenuenet": 187188000,
        "licensecosts": 647000,
        "costofgoodssoldamortization": 5360000,
        "softwareservicesmaintenanceandsubscriptionscosts": 96172000,
        "appraisalservices": 4282000,
        "hardwareandothercosts": 6799000,
        "costofgoodsandservicessold": 113260000,
        "grossprofit": 95863000,
        "sellinggeneralandadministrativeexpense": 43451000,
        "researchanddevelopmentexpensesoftwareexcludingacquiredinprocesscost": 11874000,
        "amortizationofintangibleassets": 3463000,
        "operatingincomeloss": 54130000,
        "othernonoperatingincomeexpense": -101000,
        "incomelossfromcontinuingoperationsbeforeincometaxesextraordinaryitemsnoncontrollinginterest": 36974000,
        "incometaxexpensebenefit": 5396000,
        "netincomeloss": 31578000,
        "earningspersharebasic": 0.85,
        "earningspersharediluted": 0.81
    },
    {
        "date": "2017-03-30",
        "symbol": "TYL",
        "period": "Q1",
        "licensesrevenue": 18223000,
        "subscriptionrevenues": 40102000,
        "technologyservicesrevenue": 45018000,
        "maintenancerevenue": 86859000,
        "appraisalservicesrevenue": 6612000,
        "hardwareandotherrevenue": 2728000,
        "salesrevenuenet": 199542000,
        "licensecosts": 731000,
        "costofgoodssoldamortization": 5410000,
        "softwareservicesmaintenanceandsubscriptionscosts": 93540000,
        "appraisalservices": 4197000,
        "hardwareandothercosts": 1316000,
        "costofgoodsandservicessold": 105194000,
        "grossprofit": 94348000,
        "sellinggeneralandadministrativeexpense": 43142000,
        "researchanddevelopmentexpensesoftwareexcludingacquiredinprocesscost": 11599000,
        "amortizationofintangibleassets": 3458000,
        "operatingincomeloss": 36149000,
        "othernonoperatingincomeexpense": -190000,
        "incomelossfromcontinuingoperationsbeforeincometaxesextraordinaryitemsnoncontrollinginterest": 35959000,
        "incometaxexpensebenefit": 3653000,
        "netincomeloss": 32306000,
        "earningspersharebasic": 0.88,
        "earningspersharediluted": 0.83
    },
    {
        "date": "2016-09-29",
        "symbol": "TYL",
        "period": "Q3",
        "licensesrevenue": 1438000,
        "subscriptionrevenues": 1700000,
        "technologyservicesrevenue": 4130000,
        "maintenancerevenue": 4708000,
        "appraisalservicesrevenue": 6541000,
        "hardwareandotherrevenue": -9000,
        "salesrevenuenet": -1980000,
        "licensecosts": 623000,
        "costofgoodssoldamortization": 5598000,
        "softwareservicesmaintenanceandsubscriptionscosts": 88623000,
        "appraisalservices": 4053000,
        "hardwareandothercosts": 2120000,
        "costofgoodsandservicessold": 101017000,
        "grossprofit": 93480000,
        "sellinggeneralandadministrativeexpense": 42007000,
        "researchanddevelopmentexpensesoftwareexcludingacquiredinprocesscost": 11070000,
        "amortizationofintangibleassets": 3458000,
        "operatingincomeloss": 36945000,
        "othernonoperatingincomeexpense": -526000,
        "incomelossfromcontinuingoperationsbeforeincometaxesextraordinaryitemsnoncontrollinginterest": 36419000,
        "incometaxexpensebenefit": 14155000,
        "netincomeloss": 22264000,
        "earningspersharebasic": 0.61,
        "earningspersharediluted": 0.58
    },
    {
        "date": "2016-06-29",
        "symbol": "TYL",
        "period": "Q2",
        "licensesrevenue": 1112000,
        "subscriptionrevenues": 1652000,
        "technologyservicesrevenue": 3881000,
        "maintenancerevenue": 4633000,
        "appraisalservicesrevenue": 6984000,
        "hardwareandotherrevenue": 2744000,
        "salesrevenuenet": 1132000,
        "licensecosts": 666000,
        "costofgoodssoldamortization": 5680000,
        "softwareservicesmaintenanceandsubscriptionscosts": 86717000,
        "appraisalservices": 4458000,
        "hardwareandothercosts": 4515000,
        "costofgoodsandservicessold": 102036000,
        "grossprofit": 86936000,
        "sellinggeneralandadministrativeexpense": 42232000,
        "researchanddevelopmentexpensesoftwareexcludingacquiredinprocesscost": 10336000,
        "amortizationofintangibleassets": 3453000,
        "operatingincomeloss": 30915000,
        "othernonoperatingincomeexpense": -720000,
        "incomelossfromcontinuingoperationsbeforeincometaxesextraordinaryitemsnoncontrollinginterest": 30195000,
        "incometaxexpensebenefit": 11323000,
        "netincomeloss": 18872000,
        "earningspersharebasic": 0.52,
        "earningspersharediluted": 0.49
    },
    {
        "date": "2016-03-30",
        "symbol": "TYL",
        "period": "Q1",
        "licensesrevenue": 1196000,
        "subscriptionrevenues": 2104000,
        "technologyservicesrevenue": 3825000,
        "maintenancerevenue": 4632000,
        "appraisalservicesrevenue": 6558000,
        "hardwareandotherrevenue": 283000,
        "salesrevenuenet": -877000,
        "licensecosts": 638000,
        "costofgoodssoldamortization": 5459000,
        "softwareservicesmaintenanceandsubscriptionscosts": 85270000,
        "appraisalservices": 3962000,
        "hardwareandothercosts": 1846000,
        "costofgoodsandservicessold": 97175000,
        "grossprofit": 82118000,
        "sellinggeneralandadministrativeexpense": 40759000,
        "researchanddevelopmentexpensesoftwareexcludingacquiredinprocesscost": 9956000,
        "amortizationofintangibleassets": 3362000,
        "operatingincomeloss": 28041000,
        "othernonoperatingincomeexpense": -467000,
        "incomelossfromcontinuingoperationsbeforeincometaxesextraordinaryitemsnoncontrollinginterest": 27574000,
        "incometaxexpensebenefit": 10495000,
        "netincomeloss": 17079000,
        "earningspersharebasic": 0.47,
        "earningspersharediluted": 0.44
    },
    {
        "date": "2015-09-29",
        "symbol": "TYL",
        "period": "Q3",
        "licensesrevenue": 1010000,
        "subscriptionrevenues": 1264000,
        "technologyservicesrevenue": 3188000,
        "maintenancerevenue": 4567000,
        "appraisalservicesrevenue": 6557000,
        "hardwareandotherrevenue": -16000,
        "salesrevenuenet": -1030000,
        "licensecosts": 147000,
        "costofgoodssoldamortization": 552000,
        "softwareservicesmaintenanceandsubscriptionscosts": 72764000,
        "appraisalservices": 3984000,
        "hardwareandothercosts": 1565000,
        "costofgoodsandservicessold": 79012000,
        "grossprofit": 71833000,
        "sellinggeneralandadministrativeexpense": 31869000,
        "researchanddevelopmentexpensesoftwareexcludingacquiredinprocesscost": 7193000,
        "amortizationofintangibleassets": 1282000,
        "operatingincomeloss": 31489000,
        "othernonoperatingincomeexpense": 255000,
        "incomelossfromcontinuingoperationsbeforeincometaxesextraordinaryitemsnoncontrollinginterest": 31744000,
        "incometaxexpensebenefit": 11602000,
        "netincomeloss": 20142000,
        "earningspersharebasic": 0.59,
        "earningspersharediluted": 0.55,
        "comprehensiveincomenetoftax": 20142000
    },
    {
        "date": "2015-06-29",
        "symbol": "TYL",
        "period": "Q2",
        "licensesrevenue": 1030000,
        "subscriptionrevenues": 1216000,
        "technologyservicesrevenue": 2737000,
        "maintenancerevenue": 4471000,
        "appraisalservicesrevenue": 6691000,
        "hardwareandotherrevenue": 2702000,
        "salesrevenuenet": 1723000,
        "licensecosts": 483000,
        "costofgoodssoldamortization": 456000,
        "softwareservicesmaintenanceandsubscriptionscosts": 69678000,
        "appraisalservices": 4278000,
        "hardwareandothercosts": 3147000,
        "costofgoodsandservicessold": 78042000,
        "grossprofit": 68253000,
        "sellinggeneralandadministrativeexpense": 30396000,
        "researchanddevelopmentexpensesoftwareexcludingacquiredinprocesscost": 7110000,
        "amortizationofintangibleassets": 1151000,
        "operatingincomeloss": 29596000,
        "othernonoperatingincomeexpense": 185000,
        "incomelossfromcontinuingoperationsbeforeincometaxesextraordinaryitemsnoncontrollinginterest": 29781000,
        "incometaxexpensebenefit": 10945000,
        "netincomeloss": 18836000,
        "earningspersharebasic": 0.56,
        "earningspersharediluted": 0.52,
        "comprehensiveincomenetoftax": 18836000
    },
    {
        "date": "2015-03-30",
        "symbol": "TYL",
        "period": "Q1",
        "licensesrevenue": 1973000,
        "subscriptionrevenues": 979000,
        "technologyservicesrevenue": 1636000,
        "maintenancerevenue": 4334000,
        "appraisalservicesrevenue": 6089000,
        "hardwareandotherrevenue": -1000,
        "revenues": -927000,
        "licensecosts": 553000,
        "costofgoodssoldamortization": 456000,
        "softwareservicesmaintenanceandsubscriptionscosts": 65377000,
        "appraisalservices": 4135000,
        "hardwareandothercosts": 566000,
        "costofgoodsandservicessold": 71087000,
        "grossprofit": 63879000,
        "sellinggeneralandadministrativeexpense": 28545000,
        "researchanddevelopmentexpensesoftwareexcludingacquiredinprocesscost": 7004000,
        "amortizationofintangibleassets": 1152000,
        "operatingincomeloss": 27178000,
        "interestincomeexpensenonoperatingnet": 181000,
        "incomelossfromcontinuingoperationsbeforeincometaxesextraordinaryitemsnoncontrollinginterest": 27359000,
        "incometaxexpensebenefit": 10086000,
        "netincomeloss": 17273000,
        "earningspersharebasic": 0.51,
        "earningspersharediluted": 0.48,
        "comprehensiveincomenetoftax": 17273000
    },
    {
        "date": "2014-09-29",
        "symbol": "TYL",
        "period": "Q3",
        "licensesrevenue": 12192000,
        "subscriptionrevenues": 21725000,
        "technologyservicesrevenue": 28398000,
        "maintenancerevenue": 50486000,
        "salesrevenueservicesgross": 5802000,
        "hardwareandotherrevenue": -9000,
        "revenues": -638000,
        "licensecosts": 565000,
        "costofgoodssoldamortization": 448000,
        "softwareservicesmaintenanceandsubscriptions": 61428000,
        "othercostofservices": 3764000,
        "hardwareandothercosts": 667000,
        "costofgoodsandservicessold": 66872000,
        "grossprofit": 61792000,
        "sellinggeneralandadministrativeexpense": 27344000,
        "researchanddevelopmentexpensesoftwareexcludingacquiredinprocesscost": 6567000,
        "amortizationofintangibleassets": 1136000,
        "operatingincomeloss": 26745000,
        "interestincomeexpensenonoperatingnet": -47000,
        "incomelossfromcontinuingoperationsbeforeincometaxesminorityinterestandincomelossfromequitymethodinvestments": 26698000,
        "incometaxexpensebenefit": 9698000,
        "netincomeloss": 17000000,
        "earningspersharebasic": 0.52,
        "earningspersharediluted": 0.48,
        "comprehensiveincomenetoftax": 17000000
    },
    {
        "date": "2014-06-29",
        "symbol": "TYL",
        "period": "Q2",
        "licensesrevenue": 11349000,
        "subscriptionrevenues": 20124000,
        "technologyservicesrevenue": 27420000,
        "maintenancerevenue": 47765000,
        "salesrevenueservicesgross": 5444000,
        "hardwareandotherrevenue": 2470000,
        "revenues": 1938000,
        "licensecosts": 343000,
        "costofgoodssoldamortization": 444000,
        "softwareservicesmaintenanceandsubscriptions": 58274000,
        "othercostofservices": 3665000,
        "hardwareandothercosts": 3087000,
        "costofgoodsandservicessold": 65813000,
        "grossprofit": 58558000,
        "sellinggeneralandadministrativeexpense": 27419000,
        "researchanddevelopmentexpensesoftwareexcludingacquiredinprocesscost": 6389000,
        "amortizationofintangibleassets": 1128000,
        "operatingincomeloss": 23622000,
        "interestincomeexpensenonoperatingnet": -216000,
        "incomelossfromcontinuingoperationsbeforeincometaxesminorityinterestandincomelossfromequitymethodinvestments": 23406000,
        "incometaxexpensebenefit": 8666000,
        "netincomeloss": 14740000,
        "earningspersharebasic": 0.45,
        "earningspersharediluted": 0.42,
        "comprehensiveincomenetoftax": 14740000
    },
    {
        "date": "2014-03-30",
        "symbol": "TYL",
        "period": "Q1",
        "licensesrevenue": 10795000,
        "subscriptionrevenues": 19722000,
        "technologyservicesrevenue": 22188000,
        "maintenancerevenue": 46093000,
        "salesrevenueservicesgross": 4851000,
        "hardwareandotherrevenue": 1489000,
        "revenues": -473000,
        "licensecosts": 531000,
        "costofgoodssoldamortization": 481000,
        "softwareservicesmaintenanceandsubscriptions": 54999000,
        "othercostofservices": 3311000,
        "hardwareandothercosts": 774000,
        "costofgoodsandservicessold": 60096000,
        "grossprofit": 52530000,
        "sellinggeneralandadministrativeexpense": 25367000,
        "researchanddevelopmentexpensesoftwareexcludingacquiredinprocesscost": 6172000,
        "amortizationofintangibleassets": 1129000,
        "operatingincomeloss": 19862000,
        "interestincomeexpensenonoperatingnet": -259000,
        "incomelossfromcontinuingoperationsbeforeincometaxesminorityinterestandincomelossfromequitymethodinvestments": 19603000,
        "incometaxexpensebenefit": 7720000,
        "netincomeloss": 11883000,
        "earningspersharebasic": 0.36,
        "earningspersharediluted": 0.33,
        "comprehensiveincomenetoftax": 11883000
    },
    {
        "date": "2013-09-29",
        "symbol": "TYL",
        "period": "Q3",
        "licensesrevenue": 10126000,
        "subscriptionrevenues": 14537000,
        "technologyservicesrevenue": 22615000,
        "maintenancerevenue": 45182000,
        "salesrevenueservicesgross": 5207000,
        "hardwareandotherrevenue": -4000,
        "revenues": -690000,
        "licensecosts": 583000,
        "costofgoodssoldamortization": 513000,
        "softwareservicesmaintenanceandsubscriptions": 51786000,
        "othercostofservices": 3360000,
        "hardwareandothercosts": 1230000,
        "costofgoodsandservicessold": 57472000,
        "grossprofit": 49549000,
        "sellinggeneralandadministrativeexpense": 24581000,
        "researchanddevelopmentexpensesoftwareexcludingacquiredinprocesscost": 5982000,
        "amortizationofintangibleassets": 1129000,
        "operatingincomeloss": 17857000,
        "interestincomeexpensenonoperatingnet": -285000,
        "incomelossfromcontinuingoperationsbeforeincometaxesminorityinterestandincomelossfromequitymethodinvestments": 17572000,
        "incometaxexpensebenefit": 6523000,
        "netincomeloss": 11049000,
        "earningspersharebasic": 0.34,
        "earningspersharediluted": 0.32,
        "comprehensiveincomenetoftax": 11049000
    },
    {
        "date": "2013-06-29",
        "symbol": "TYL",
        "period": "Q2",
        "licensesrevenue": 9621000,
        "subscriptionrevenues": 13089000,
        "technologyservicesrevenue": 21952000,
        "maintenancerevenue": 42566000,
        "salesrevenueservicesgross": 5056000,
        "hardwareandotherrevenue": 1789000,
        "revenues": 1041000,
        "licensecosts": 692000,
        "costofgoodssoldamortization": 523000,
        "softwareservicesmaintenanceandsubscriptions": 48833000,
        "othercostofservices": 3418000,
        "hardwareandothercosts": 2580000,
        "costofgoodsandservicessold": 56046000,
        "grossprofit": 47042000,
        "sellinggeneralandadministrativeexpense": 24971000,
        "researchanddevelopmentexpensesoftwareexcludingacquiredinprocesscost": 5594000,
        "amortizationofintangibleassets": 1128000,
        "operatingincomeloss": 15349000,
        "interestincomeexpensenonoperatingnet": -296000,
        "incomelossfromcontinuingoperationsbeforeincometaxesminorityinterestandincomelossfromequitymethodinvestments": 15053000,
        "incometaxexpensebenefit": 6006000,
        "netincomeloss": 9047000,
        "earningspersharebasic": 0.29,
        "earningspersharediluted": 0.26,
        "comprehensiveincomenetoftax": 9106000
    },
    {
        "date": "2013-03-30",
        "symbol": "TYL",
        "period": "Q1",
        "licensesrevenue": 8100000,
        "subscriptionrevenues": 12901000,
        "technologyservicesrevenue": 18741000,
        "maintenancerevenue": 41882000,
        "salesrevenueservicesgross": 5591000,
        "hardwareandotherrevenue": 1394000,
        "revenues": -589000,
        "licensecosts": 426000,
        "costofgoodssoldamortization": 549000,
        "softwareservicesmaintenanceandsubscriptions": 46382000,
        "othercostofservices": 3799000,
        "hardwareandothercosts": 798000,
        "costofgoodsandservicessold": 51954000,
        "grossprofit": 43845000,
        "sellinggeneralandadministrativeexpense": 22646000,
        "researchanddevelopmentexpensesoftwareexcludingacquiredinprocesscost": 5598000,
        "amortizationofintangibleassets": 1131000,
        "operatingincomeloss": 14470000,
        "interestincomeexpensenonoperatingnet": -338000,
        "incomelossfromcontinuingoperationsbeforeincometaxesminorityinterestandincomelossfromequitymethodinvestments": 14132000,
        "incometaxexpensebenefit": 5639000,
        "netincomeloss": 8493000,
        "earningspersharebasic": 0.27,
        "earningspersharediluted": 0.25,
        "comprehensiveincomenetoftax": 8493000
    },
    {
        "date": "2012-09-29",
        "symbol": "TYL",
        "period": "Q3",
        "licensesrevenue": 8307000,
        "subscriptionrevenues": 10960000,
        "technologyservicesrevenue": 20213000,
        "maintenancerevenue": 40282000,
        "salesrevenueservicesgross": 5594000,
        "hardwareandotherrevenue": 1661000,
        "revenues": -559000,
        "licensecosts": 458000,
        "costofgoodssoldamortization": 478000,
        "softwareservicesmaintenanceandsubscriptions": 43485000,
        "othercostofservices": 3598000,
        "hardwareandothercosts": 882000,
        "costofgoodsandservicessold": 48901000,
        "grossprofit": 44944000,
        "sellinggeneralandadministrativeexpense": 20909000,
        "researchanddevelopmentexpensesoftwareexcludingacquiredinprocesscost": 4273000,
        "amortizationofintangibleassets": 1103000,
        "operatingincomeloss": 18659000,
        "interestincomeexpensenonoperatingnet": -849000,
        "incomelossfromcontinuingoperationsbeforeincometaxesminorityinterestandincomelossfromequitymethodinvestments": 17810000,
        "incometaxexpensebenefit": 6978000,
        "netincomeloss": 10832000,
        "earningspersharebasic": 0.36,
        "earningspersharediluted": 0.33,
        "comprehensiveincomenetoftax": 10914000
    },
    {
        "date": "2012-06-29",
        "symbol": "TYL",
        "period": "Q2",
        "licensesrevenue": 7859000,
        "subscriptionrevenues": 10297000,
        "technologyservicesrevenue": 19832000,
        "maintenancerevenue": 37985000,
        "salesrevenueservicesgross": 5771000,
        "hardwareandotherrevenue": 1659000,
        "revenues": 900000,
        "licensecosts": 484000,
        "costofgoodssoldamortization": 482000,
        "softwareservicesmaintenanceandsubscriptions": 43118000,
        "othercostofservices": 3876000,
        "hardwareandothercosts": 2709000,
        "costofgoodsandservicessold": 50669000,
        "grossprofit": 40699000,
        "sellinggeneralandadministrativeexpense": 21699000,
        "researchanddevelopmentexpensesoftwareexcludingacquiredinprocesscost": 5408000,
        "amortizationofintangibleassets": 1137000,
        "operatingincomeloss": 12455000,
        "interestincomeexpensenonoperatingnet": -773000,
        "incomelossfromcontinuingoperationsbeforeincometaxesminorityinterestandincomelossfromequitymethodinvestments": 11682000,
        "incometaxexpensebenefit": 4577000,
        "netincomeloss": 7105000,
        "earningspersharebasic": 0.24,
        "earningspersharediluted": 0.22
    },
    {
        "date": "2012-03-30",
        "symbol": "TYL",
        "period": "Q1",
        "licensesrevenue": 6829000,
        "subscriptionrevenues": 9712000,
        "technologyservicesrevenue": 16614000,
        "maintenancerevenue": 35745000,
        "salesrevenueservicesgross": 5682000,
        "hardwareandotherrevenue": 1251000,
        "revenues": -345000,
        "licensecosts": 566000,
        "costofgoodssoldamortization": 410000,
        "softwareservicesmaintenanceandsubscriptions": 39813000,
        "othercostofservices": 3796000,
        "hardwareandothercosts": 719000,
        "costofgoodsandservicessold": 45304000,
        "grossprofit": 37419000,
        "sellinggeneralandadministrativeexpense": 21335000,
        "researchanddevelopmentexpensesoftwareexcludingacquiredinprocesscost": 5094000,
        "amortizationofintangibleassets": 946000,
        "operatingincomeloss": 10044000,
        "interestincomeexpensenonoperatingnet": 703000,
        "incomelossfromcontinuingoperationsbeforeincometaxesminorityinterestandincomelossfromequitymethodinvestments": 9341000,
        "incometaxexpensebenefit": 3660000,
        "netincomeloss": 5681000,
        "earningspersharebasic": 0.19,
        "earningspersharediluted": 0.17
    },
    {
        "date": "2011-09-29",
        "symbol": "TYL",
        "period": "Q3",
        "licensesrevenue": 7631000,
        "subscriptionrevenues": 7989000,
        "technologyservicesrevenue": 17644000,
        "maintenancerevenue": 37011000,
        "salesrevenueservicesgross": 5761000,
        "hardwareandotherrevenue": 1148000,
        "revenues": 77184000,
        "licensecosts": 536000,
        "costofgoodssoldamortization": 243000,
        "softwareservicesmaintenanceandsubscriptions": 35689000,
        "othercostofservices": 3776000,
        "hardwareandothercosts": 808000,
        "costofgoodsandservicessold": 41052000,
        "grossprofit": 36132000,
        "sellinggeneralandadministrativeexpense": 18755000,
        "researchanddevelopmentexpensesoftwareexcludingacquiredinprocesscost": 4196000,
        "amortizationofintangibleassets": 801000,
        "operatingincomeloss": 12380000,
        "interestincomeexpensenonoperatingnet": -562000,
        "incomelossfromcontinuingoperationsbeforeincometaxesminorityinterestandincomelossfromequitymethodinvestments": 11818000,
        "incometaxexpensebenefit": 4312000,
        "netincomeloss": 7506000,
        "earningspersharebasic": 0.24,
        "earningspersharediluted": 0.23,
        "weightedaveragenumberofsharesoutstandingbasic": 31097000,
        "weightedaveragenumberofdilutedsharesoutstanding": 32960000
    },
    {
        "date": "2011-06-29",
        "symbol": "TYL",
        "period": "Q2",
        "licensesrevenue": 8308000,
        "subscriptionrevenues": 7277000,
        "technologyservicesrevenue": 17992000,
        "maintenancerevenue": 35056000,
        "salesrevenueservicesgross": 5987000,
        "hardwareandotherrevenue": 2115000,
        "revenues": 76735000,
        "licensecosts": 989000,
        "costofgoodssoldamortization": 244000,
        "softwareservicesmaintenanceandsubscriptions": 35502000,
        "othercostofservices": 3702000,
        "hardwareandothercosts": 2161000,
        "costofgoodsandservicessold": 42598000,
        "grossprofit": 34137000,
        "sellinggeneralandadministrativeexpense": 18466000,
        "researchanddevelopmentexpensesoftwareexcludingacquiredinprocesscost": 5035000,
        "amortizationofintangibleassets": 803000,
        "operatingincomeloss": 9833000,
        "interestincomeexpensenonoperatingnet": -524000,
        "incomelossfromcontinuingoperationsbeforeincometaxesminorityinterestandincomelossfromequitymethodinvestments": 9309000,
        "incometaxexpensebenefit": 3685000,
        "netincomeloss": 5624000,
        "earningspersharebasic": 0.18,
        "earningspersharediluted": 0.17,
        "weightedaveragenumberofsharesoutstandingbasic": 32005000,
        "weightedaveragenumberofdilutedsharesoutstanding": 33848000
    }
]