[
    {
        "date": "2024-03-30",
        "symbol": "AVB",
        "period": "Q1",
        "operatingleaseleaseincome": 711064000,
        "revenuefromcontractwithcustomerexcludingassessedtax": 1795000,
        "revenues": 712859000,
        "costofotherpropertyoperatingexpense": 175916000,
        "realestatetaxexpense": 79780000,
        "othernonoperatingincomeexpense": -4245000,
        "interestexpense": 54766000,
        "depreciation": 212269000,
        "generalandadministrativeexpense": 20331000,
        "impairmentofrealestate": 2935000,
        "costsandexpenses": 550242000,
        "incomelossfromequitymethodinvestments": 10847000,
        "gainlossonsaleofotherassets": 71000,
        "incomelossfromcontinuingoperationsbeforeincometaxesextraordinaryitemsnoncontrollinginterest": 173535000,
        "incometaxexpensebenefit": -22000,
        "profitloss": 173557000,
        "netincomelossattributabletononcontrollinginterest": 108000,
        "netincomelossavailabletocommonstockholdersbasic": 173449000,
        "othercomprehensiveincomelosscashflowhedgegainlossbeforereclassificationaftertax": 7339000,
        "othercomprehensiveincomelosscashflowhedgegainlossreclassificationaftertax": -146000,
        "comprehensiveincomenetoftax": 180934000,
        "earningspersharebasic": 1.22,
        "earningspersharediluted": 1.22
    },
    {
        "date": "2023-12-30",
        "symbol": "AVB",
        "period": "Q4",
        "operatingleaseleaseincome": 723070000,
        "revenuefromcontractwithcustomerexcludingassessedtax": -5716000,
        "revenues": 2066496000,
        "costofotherpropertyoperatingexpense": 171467000,
        "realestatetaxexpense": 78912000,
        "othernonoperatingincomeexpense": -10267000,
        "interestexpense": 49471000,
        "depreciation": 210694000,
        "generalandadministrativeexpense": 17992000,
        "costsandexpenses": 539371000,
        "incomelossfromequitymethodinvestments": 1709000,
        "gainslossesonsalesofinvestmentrealestate": 77994000,
        "gainlossonsaleofotherassets": -533000,
        "incomelossfromcontinuingoperationsbeforeincometaxesextraordinaryitemsnoncontrollinginterest": 244504000,
        "incometaxexpensebenefit": 2438000,
        "profitloss": 242066000,
        "netincomelossattributabletononcontrollinginterest": 97000,
        "netincomelossavailabletocommonstockholdersbasic": 241969000,
        "othercomprehensiveincomelosscashflowhedgegainlossbeforereclassificationaftertax": -10656000,
        "othercomprehensiveincomelosscashflowhedgegainlossreclassificationaftertax": -298000,
        "comprehensiveincomenetoftax": 231611000,
        "earningspersharebasic": 1.7,
        "earningspersharediluted": 1.7
    },
    {
        "date": "2023-09-29",
        "symbol": "AVB",
        "period": "Q3",
        "operatingleaseleaseincome": 695701000,
        "revenuefromcontractwithcustomerexcludingassessedtax": 1934000,
        "revenues": 697635000,
        "costofotherpropertyoperatingexpense": 175191000,
        "realestatetaxexpense": 78399000,
        "othernonoperatingincomeexpense": -18959000,
        "interestexpense": 48115000,
        "gainslossesonextinguishmentofdebt": -150000,
        "depreciation": 200982000,
        "generalandadministrativeexpense": 20466000,
        "impairmentofrealestate": 3499000,
        "costsandexpenses": 545761000,
        "incomelossfromequitymethodinvestments": 1930000,
        "gainslossesonsalesofinvestmentrealestate": 22121000,
        "gainlossonsaleofotherassets": 237000,
        "incomelossfromcontinuingoperationsbeforeincometaxesextraordinaryitemsnoncontrollinginterest": 176162000,
        "incometaxexpensebenefit": 4372000,
        "profitloss": 171790000,
        "netincomelossattributabletononcontrollinginterest": -241000,
        "netincomelossavailabletocommonstockholdersbasic": 172031000,
        "othercomprehensiveincomelosscashflowhedgegainlossbeforereclassificationaftertax": 15502000,
        "othercomprehensiveincomelosscashflowhedgegainlossreclassificationaftertax": -354000,
        "comprehensiveincomenetoftax": 187887000,
        "earningspersharebasic": 1.21,
        "earningspersharediluted": 1.21
    },
    {
        "date": "2023-06-29",
        "symbol": "AVB",
        "period": "Q2",
        "operatingleaseleaseincome": 673038000,
        "revenuefromcontractwithcustomerexcludingassessedtax": 6657000,
        "revenues": 2712000,
        "costofotherpropertyoperatingexpense": 169848000,
        "realestatetaxexpense": 74988000,
        "othernonoperatingincomeexpense": -1261000,
        "interestexpense": 51585000,
        "depreciation": 200546000,
        "generalandadministrativeexpense": 17676000,
        "impairmentofrealestate": 0,
        "costsandexpenses": 515904000,
        "incomelossfromequitymethodinvestments": 4970000,
        "gainslossesonsalesofinvestmentrealestate": 187322000,
        "gainlossonsaleofotherassets": 341000,
        "incomelossfromcontinuingoperationsbeforeincometaxesextraordinaryitemsnoncontrollinginterest": 367590000,
        "incometaxexpensebenefit": -217000,
        "profitloss": 367807000,
        "netincomelossattributabletononcontrollinginterest": -116000,
        "netincomelossavailabletocommonstockholdersbasic": 367923000,
        "othercomprehensiveincomelosscashflowhedgegainlossbeforereclassificationaftertax": 8826000,
        "othercomprehensiveincomelosscashflowhedgegainlossreclassificationaftertax": -354000,
        "comprehensiveincomenetoftax": 377103000,
        "earningspersharebasic": 2.5999999999999996,
        "earningspersharediluted": 2.5999999999999996
    },
    {
        "date": "2023-03-30",
        "symbol": "AVB",
        "period": "Q1",
        "operatingleaseleaseincome": 668378000,
        "revenuefromcontractwithcustomerexcludingassessedtax": 4847000,
        "revenues": 1066000,
        "costofotherpropertyoperatingexpense": 164832000,
        "realestatetaxexpense": 74495000,
        "othernonoperatingincomeexpense": -2992000,
        "interestexpense": 56821000,
        "depreciation": 204743000,
        "generalandadministrativeexpense": 20400000,
        "impairmentofrealestate": 5051000,
        "costsandexpenses": 529334000,
        "incomelossfromequitymethodinvestments": 4845000,
        "gainslossesonsalesofinvestmentrealestate": -13000,
        "gainlossonsaleofotherassets": 129000,
        "incomelossfromcontinuingoperationsbeforeincometaxesextraordinaryitemsnoncontrollinginterest": 150335000,
        "incometaxexpensebenefit": 3560000,
        "profitloss": 146775000,
        "netincomelossattributabletononcontrollinginterest": -127000,
        "netincomelossavailabletocommonstockholdersbasic": 146902000,
        "othercomprehensiveincomelosscashflowhedgegainlossbeforereclassificationaftertax": -340000,
        "othercomprehensiveincomelosscashflowhedgegainlossreclassificationaftertax": -354000,
        "comprehensiveincomenetoftax": 146916000,
        "earningspersharebasic": 1.05,
        "earningspersharediluted": 1.05
    },
    {
        "date": "2022-12-30",
        "symbol": "AVB",
        "period": "Q4",
        "operatingleaseleaseincome": 642350000,
        "revenuefromcontractwithcustomerexcludingassessedtax": 8181000,
        "revenues": 3278000,
        "costofotherpropertyoperatingexpense": 156873000,
        "realestatetaxexpense": 72266000,
        "othernonoperatingincomeexpense": -6700000,
        "interestexpense": 107961000,
        "depreciation": 401700000,
        "generalandadministrativeexpense": 20741000,
        "costsandexpenses": 1008660000,
        "incomelossfromequitymethodinvestments": 6820000,
        "gainslossesonsalesofinvestmentrealestate": 459037000,
        "gainlossonsaleofotherassets": 4944000,
        "gainlossonsaleofotherinvestmentsnetofmarketingandadministrativecosts": -381000,
        "incomelossfromcontinuingoperationsbeforeincometaxesextraordinaryitemsnoncontrollinginterest": 247847000,
        "incometaxexpensebenefit": 6683000,
        "profitloss": 501459000,
        "netincomelossattributabletononcontrollinginterest": -129000,
        "netincomelossavailabletocommonstockholdersbasic": 241293000,
        "othercomprehensiveincomelosscashflowhedgegainlossbeforereclassificationaftertax": -2455000,
        "othercomprehensiveincomelosscashflowhedgegainlossreclassificationaftertax": 6922000,
        "comprehensiveincomenetoftax": 239682000,
        "earningspersharebasic": 1.7300000000000004,
        "earningspersharediluted": 1.7299999999999995
    },
    {
        "date": "2022-09-29",
        "symbol": "AVB",
        "period": "Q3",
        "operatingleaseleaseincome": 653233000,
        "revenuefromcontractwithcustomerexcludingassessedtax": 4740000,
        "revenues": 1399000,
        "costofotherpropertyoperatingexpense": 165580000,
        "realestatetaxexpense": 75091000,
        "othernonoperatingincomeexpense": -6514000,
        "interestexpense": 57290000,
        "gainslossesonextinguishmentofdebt": -1399000,
        "depreciation": 206658000,
        "generalandadministrativeexpense": 14611000,
        "costsandexpenses": 527390000,
        "incomelossfromequitymethodinvestments": 43777000,
        "gainslossesonsalesofinvestmentrealestate": 44355000,
        "gainlossonsaleofotherassets": 15000,
        "gainlossonsaleofotherinvestmentsnetofmarketingandadministrativecosts": 304000,
        "incomelossfromcontinuingoperationsbeforeincometaxesextraordinaryitemsnoncontrollinginterest": 500283000,
        "incometaxexpensebenefit": 5651000,
        "profitloss": 494632000,
        "netincomelossattributabletononcontrollinginterest": -115000,
        "netincomelossavailabletocommonstockholdersbasic": 494747000,
        "othercomprehensiveincomelosscashflowhedgegainlossbeforereclassificationaftertax": 8188000,
        "othercomprehensiveincomelosscashflowhedgegainlossreclassificationaftertax": -1013000,
        "comprehensiveincomenetoftax": 503948000,
        "earningspersharebasic": 3.54,
        "earningspersharediluted": 3.53
    },
    {
        "date": "2022-06-29",
        "symbol": "AVB",
        "period": "Q2",
        "operatingleaseleaseincome": 634572000,
        "revenuefromcontractwithcustomerexcludingassessedtax": 4288000,
        "revenues": 904000,
        "costofotherpropertyoperatingexpense": 156389000,
        "realestatetaxexpense": 70865000,
        "othernonoperatingincomeexpense": -2364000,
        "interestexpense": 58797000,
        "depreciation": 199302000,
        "generalandadministrativeexpense": 21291000,
        "costsandexpenses": 509008000,
        "incomelossfromequitymethodinvestments": 2480000,
        "gainslossesonsalesofinvestmentrealestate": 404000,
        "gainlossonsaleofotherassets": 43000,
        "gainlossonsaleofotherinvestmentsnetofmarketingandadministrativecosts": -71000,
        "incomelossfromcontinuingoperationsbeforeincometaxesextraordinaryitemsnoncontrollinginterest": 138407000,
        "incometaxexpensebenefit": -159000,
        "profitloss": 138566000,
        "netincomelossattributabletononcontrollinginterest": -125000,
        "netincomelossavailabletocommonstockholdersbasic": 138691000,
        "othercomprehensiveincomelosscashflowhedgegainlossbeforereclassificationaftertax": 7759000,
        "othercomprehensiveincomelosscashflowhedgegainlossreclassificationaftertax": -1013000,
        "comprehensiveincomenetoftax": 147463000,
        "earningspersharebasic": 0.99,
        "earningspersharediluted": 0.99
    },
    {
        "date": "2022-03-30",
        "symbol": "AVB",
        "period": "Q1",
        "operatingleaseleaseincome": 607252000,
        "revenuefromcontractwithcustomerexcludingassessedtax": 3456000,
        "revenues": 752000,
        "costofotherpropertyoperatingexpense": 151312000,
        "realestatetaxexpense": 70738000,
        "othernonoperatingincomeexpense": -987000,
        "interestexpense": 6026000,
        "depreciation": 7318000,
        "generalandadministrativeexpense": 17421000,
        "costsandexpenses": 11383000,
        "incomelossfromequitymethodinvestments": 317000,
        "gainslossesonsalesofinvestmentrealestate": 51762000,
        "gainlossonsaleofotherassets": 37000,
        "gainlossonsaleofotherinvestmentsnetofmarketingandadministrativecosts": 236000,
        "incomelossfromcontinuingoperationsbeforeincometaxesextraordinaryitemsnoncontrollinginterest": 264547000,
        "incometaxexpensebenefit": 2471000,
        "profitloss": 1781000,
        "netincomelossattributabletononcontrollinginterest": 32000,
        "netincomelossavailabletocommonstockholdersbasic": 262044000,
        "othercomprehensiveincomelosscashflowhedgegainlossbeforereclassificationaftertax": 10155000,
        "othercomprehensiveincomelosscashflowhedgegainlossreclassificationaftertax": -1013000,
        "comprehensiveincomenetoftax": 273212000,
        "earningspersharebasic": 1.87,
        "earningspersharediluted": 1.87
    },
    {
        "date": "2021-12-30",
        "symbol": "AVB",
        "period": "Q4",
        "operatingleaseleaseincome": 1119678000,
        "revenuefromcontractwithcustomerexcludingassessedtax": 3243000,
        "revenues": 704000,
        "costofotherpropertyoperatingexpense": 140476000,
        "realestatetaxexpense": 70571000,
        "othernonoperatingincomeexpense": -1331000,
        "interestexpense": 6121000,
        "depreciation": 7079000,
        "generalandadministrativeexpense": 16481000,
        "costsandexpenses": 11111000,
        "incomelossfromequitymethodinvestments": 5626000,
        "gainslossesonsalesofinvestmentrealestate": 437860000,
        "gainlossonsaleofotherassets": 95000,
        "gainlossonsaleofotherinvestmentsnetofmarketingandadministrativecosts": 425000,
        "incomelossfromcontinuingoperationsbeforeincometaxesextraordinaryitemsnoncontrollinginterest": 339597000,
        "incometaxexpensebenefit": 4299000,
        "profitloss": 62727000,
        "netincomelossattributabletononcontrollinginterest": 89000,
        "netincomelossavailabletocommonstockholdersbasic": 335209000,
        "othercomprehensiveincomelosscashflowhedgegainlossreclassificationaftertax": 17402000,
        "comprehensiveincomenetoftax": 336027000,
        "earningspersharebasic": 2.3899999999999997,
        "earningspersharediluted": 2.4000000000000004
    },
    {
        "date": "2021-09-29",
        "symbol": "AVB",
        "period": "Q3",
        "operatingleaseleaseincome": 573825000,
        "revenuefromcontractwithcustomerexcludingassessedtax": 3118000,
        "revenues": 695000,
        "costofotherpropertyoperatingexpense": 148704000,
        "realestatetaxexpense": 72332000,
        "othernonoperatingincomeexpense": -417000,
        "interestexpense": 6137000,
        "gainslossesonextinguishmentofdebt": 17890000,
        "depreciation": 6912000,
        "generalandadministrativeexpense": 17313000,
        "impairmentofrealestate": 1971000,
        "costsandexpenses": 10698000,
        "incomelossfromequitymethodinvestments": 6867000,
        "gainslossesonsalesofinvestmentrealestate": 58000,
        "gainlossonsaleofotherassets": 1543000,
        "gainlossonsaleofotherinvestmentsnetofmarketingandadministrativecosts": 158000,
        "incomelossfromcontinuingoperationsbeforeincometaxesextraordinaryitemsnoncontrollinginterest": 81026000,
        "incometaxexpensebenefit": 2179000,
        "profitloss": 21072000,
        "netincomelossattributabletononcontrollinginterest": -67000,
        "netincomelossavailabletocommonstockholdersbasic": 78914000,
        "othercomprehensiveincomelosscashflowhedgegainlossbeforereclassificationaftertax": 2010000,
        "othercomprehensiveincomelosscashflowhedgegainlossreclassificationaftertax": -7405000,
        "comprehensiveincomenetoftax": 88329000,
        "earningspersharebasic": 0.57,
        "earningspersharediluted": 0.56
    },
    {
        "date": "2021-06-29",
        "symbol": "AVB",
        "period": "Q2",
        "operatingleaseleaseincome": 560936000,
        "revenuefromcontractwithcustomerexcludingassessedtax": 808000,
        "revenues": 561744000,
        "costofotherpropertyoperatingexpense": 141623000,
        "realestatetaxexpense": 70776000,
        "othernonoperatingincomeexpense": -1653000,
        "interestexpense": 56104000,
        "gainslossesonextinguishmentofdebt": 0,
        "depreciation": 184472000,
        "generalandadministrativeexpense": 18465000,
        "costsandexpenses": 474270000,
        "incomelossfromequitymethodinvestments": 26559000,
        "gainslossesonsalesofinvestmentrealestate": 334569000,
        "gainlossonsaleofotherassets": 32000,
        "gainlossonsaleofotherinvestmentsnetofmarketingandadministrativecosts": -647000,
        "incomelossfromcontinuingoperationsbeforeincometaxesextraordinaryitemsnoncontrollinginterest": 447987000,
        "incometaxexpensebenefit": 10000,
        "profitloss": 447977000,
        "netincomelossattributabletononcontrollinginterest": 24000,
        "netincomelossavailabletocommonstockholdersbasic": 447953000,
        "othercomprehensiveincomelosscashflowhedgegainlossreclassificationaftertax": -2366000,
        "comprehensiveincomenetoftax": 449497000,
        "earningspersharebasic": 3.2100000000000004,
        "earningspersharediluted": 3.2100000000000004
    },
    {
        "date": "2021-03-30",
        "symbol": "AVB",
        "period": "Q1",
        "operatingleaseleaseincome": 550258000,
        "revenuefromcontractwithcustomerexcludingassessedtax": 877000,
        "revenues": 551135000,
        "costofotherpropertyoperatingexpense": 140050000,
        "realestatetaxexpense": 69410000,
        "othernonoperatingincomeexpense": 170000,
        "interestexpense": 52613000,
        "gainslossesonextinguishmentofdebt": 122000,
        "depreciation": 183297000,
        "generalandadministrativeexpense": 17352000,
        "costsandexpenses": 462430000,
        "incomelossfromequitymethodinvestments": -467000,
        "gainslossesonsalesofinvestmentrealestate": 53727000,
        "gainlossonsaleofotherassets": 427000,
        "gainlossonsaleofotherinvestmentsnetofmarketingandadministrativecosts": -913000,
        "incomelossfromcontinuingoperationsbeforeincometaxesextraordinaryitemsnoncontrollinginterest": 141479000,
        "incometaxexpensebenefit": -755000,
        "profitloss": 142234000,
        "netincomelossattributabletononcontrollinginterest": 11000,
        "netincomelossavailabletocommonstockholdersbasic": 142223000,
        "othercomprehensiveincomelosscashflowhedgegainlossreclassificationaftertax": -2367000,
        "comprehensiveincomenetoftax": 144590000,
        "earningspersharebasic": 1.02,
        "earningspersharediluted": 1.02
    },
    {
        "date": "2020-12-30",
        "symbol": "AVB",
        "period": "Q4",
        "operatingleaseleaseincome": 554932000,
        "revenuefromcontractwithcustomerexcludingassessedtax": 869000,
        "revenues": 555801000,
        "costofotherpropertyoperatingexpense": 142921000,
        "realestatetaxexpense": 70216000,
        "interestexpense": 51589000,
        "gainslossesonextinguishmentofdebt": 0,
        "depreciation": 177823000,
        "generalandadministrativeexpense": 13465000,
        "othernonoperatingexpense": 8110000,
        "costsandexpenses": 464124000,
        "incomelossfromequitymethodinvestments": -348000,
        "gainslossesonsalesofinvestmentrealestate": 249106000,
        "gainlossonsaleofotherassets": 112000,
        "gainlossonsaleofotherinvestmentsnetofmarketingandadministrativecosts": -1611000,
        "incomelossfromcontinuingoperationsbeforeincometaxesextraordinaryitemsnoncontrollinginterest": 338936000,
        "incometaxexpensebenefit": -2178000,
        "profitloss": 341114000,
        "netincomelossattributabletononcontrollinginterest": -14000,
        "netincomelossavailabletocommonstockholdersbasic": 341128000,
        "othercomprehensiveincomelosscashflowhedgegainlossbeforereclassificationaftertax": 0,
        "othercomprehensiveincomelosscashflowhedgegainlossreclassificationaftertax": -2367000,
        "comprehensiveincomenetoftax": 343495000,
        "earningspersharebasic": 2.44,
        "earningspersharediluted": 2.44
    },
    {
        "date": "2020-09-29",
        "symbol": "AVB",
        "period": "Q3",
        "operatingleaseleaseincome": 566387000,
        "revenuefromcontractwithcustomerexcludingassessedtax": 1017000,
        "revenues": 567404000,
        "costofotherpropertyoperatingexpense": 143909000,
        "realestatetaxexpense": 68934000,
        "interestexpense": 53249000,
        "gainslossesonextinguishmentofdebt": 105000,
        "depreciation": 175348000,
        "generalandadministrativeexpense": 13985000,
        "othernonoperatingexpense": 567000,
        "costsandexpenses": 455887000,
        "incomelossfromequitymethodinvestments": 5083000,
        "gainslossesonsalesofinvestmentrealestate": 31607000,
        "gainlossonsaleofotherassets": 129000,
        "gainlossonsaleofotherinvestmentsnetofmarketingandadministrativecosts": -646000,
        "incomelossfromcontinuingoperationsbeforeincometaxesextraordinaryitemsnoncontrollinginterest": 147690000,
        "incometaxexpensebenefit": -27000,
        "profitloss": 147717000,
        "netincomelossattributabletononcontrollinginterest": 14000,
        "netincomelossavailabletocommonstockholdersbasic": 147703000,
        "othercomprehensiveincomelosscashflowhedgegainlossbeforereclassificationaftertax": 1333000,
        "othercomprehensiveincomelosscashflowhedgegainlossreclassificationaftertax": -2367000,
        "comprehensiveincomenetoftax": 151403000,
        "earningspersharebasic": 1.05,
        "earningspersharediluted": 1.05
    },
    {
        "date": "2020-06-29",
        "symbol": "AVB",
        "period": "Q2",
        "operatingleaseleaseincome": 575479000,
        "revenuefromcontractwithcustomerexcludingassessedtax": 926000,
        "revenues": 576405000,
        "costofotherpropertyoperatingexpense": 131090000,
        "realestatetaxexpense": 67013000,
        "interestexpense": 53399000,
        "gainslossesonextinguishmentofdebt": -268000,
        "depreciation": 176249000,
        "generalandadministrativeexpense": 15573000,
        "othernonoperatingexpense": 388000,
        "costsandexpenses": 443980000,
        "incomelossfromequitymethodinvestments": 512000,
        "gainslossesonsalesofinvestmentrealestate": 35295000,
        "gainlossonsaleofotherassets": 156000,
        "gainlossonsaleofotherinvestmentsnetofmarketingandadministrativecosts": 1348000,
        "incomelossfromcontinuingoperationsbeforeincometaxesextraordinaryitemsnoncontrollinginterest": 169736000,
        "incometaxexpensebenefit": -1133000,
        "profitloss": 170869000,
        "netincomelossattributabletononcontrollinginterest": 41000,
        "netincomelossavailabletocommonstockholdersbasic": 170828000,
        "othercomprehensiveincomelosscashflowhedgegainlossbeforereclassificationaftertax": -1461000,
        "othercomprehensiveincomelosscashflowhedgegainlossreclassificationaftertax": -2301000,
        "comprehensiveincomenetoftax": 171668000,
        "earningspersharebasic": 1.21,
        "earningspersharediluted": 1.21
    },
    {
        "date": "2020-03-30",
        "symbol": "AVB",
        "period": "Q1",
        "operatingleaseleaseincome": 600644000,
        "revenuefromcontractwithcustomerexcludingassessedtax": 1007000,
        "revenues": 601651000,
        "costofotherpropertyoperatingexpense": 131993000,
        "realestatetaxexpense": 67026000,
        "interestexpense": 55914000,
        "gainslossesonextinguishmentofdebt": -9170000,
        "depreciation": 177911000,
        "generalandadministrativeexpense": 17320000,
        "othernonoperatingexpense": 3334000,
        "costsandexpenses": 462668000,
        "incomelossfromequitymethodinvestments": 1175000,
        "gainslossesonsalesofinvestmentrealestate": 24436000,
        "gainlossonsaleofotherassets": 43000,
        "gainlossonsaleofotherinvestmentsnetofmarketingandadministrativecosts": 3460000,
        "incomelossfromcontinuingoperationsbeforeincometaxesextraordinaryitemsnoncontrollinginterest": 168097000,
        "incometaxexpensebenefit": 91000,
        "profitloss": 168006000,
        "netincomelossattributabletononcontrollinginterest": 35000,
        "netincomelossavailabletocommonstockholdersbasic": 167971000,
        "othercomprehensiveincomelosscashflowhedgegainlossbeforereclassificationaftertax": -17603000,
        "othercomprehensiveincomelosscashflowhedgegainlossreclassificationaftertax": -1949000,
        "comprehensiveincomenetoftax": 152317000,
        "earningspersharebasic": 1.19,
        "earningspersharediluted": 1.19
    },
    {
        "date": "2019-12-30",
        "symbol": "AVB",
        "period": "Q4",
        "revenuefromcontractwithcustomerexcludingassessedtax": 1477000,
        "revenues": 593567000,
        "realestatetaxexpense": 65071000,
        "interestexpense": 54190000,
        "gainslossesonextinguishmentofdebt": 0,
        "depreciation": 171366000,
        "generalandadministrativeexpense": 12602000,
        "operatingexpenses": 429561000,
        "incomelossfromequitymethodinvestments": 7872000,
        "gainslossesonsalesofinvestmentrealestate": 256000,
        "gainlossonsaleofotherassets": 66000,
        "incomelossfromcontinuingoperationsbeforeincometaxesextraordinaryitemsnoncontrollinginterest": 169496000,
        "incometaxexpensebenefit": 1825000,
        "profitloss": 167671000,
        "netincomelossattributabletononcontrollinginterest": 21000,
        "netincomelossavailabletocommonstockholdersbasic": 167650000,
        "othercomprehensiveincomelosscashflowhedgegainlossbeforereclassificationaftertax": 11833000,
        "othercomprehensiveincomelosscashflowhedgegainlossreclassificationaftertax": -1746000,
        "comprehensiveincomenetoftax": 181229000,
        "earningspersharebasic": 1.2099999999999995,
        "earningspersharediluted": 1.1999999999999997
    },
    {
        "date": "2019-09-29",
        "symbol": "AVB",
        "period": "Q3",
        "operatingleaseleaseincome": 586382000,
        "revenuefromcontractwithcustomerexcludingassessedtax": 1231000,
        "revenues": 587613000,
        "costofotherpropertyoperatingexpense": 133445000,
        "realestatetaxexpense": 64374000,
        "interestexpense": 51493000,
        "gainslossesonextinguishmentofdebt": -93000,
        "depreciation": 165463000,
        "generalandadministrativeexpense": 12769000,
        "othernonoperatingexpense": 175000,
        "operatingexpenses": 427812000,
        "incomelossfromequitymethodinvestments": 1643000,
        "gainslossesonsalesofinvestmentrealestate": 130484000,
        "gainlossonsaleofotherassets": 73000,
        "othersellinggeneralandadministrativeexpense": 1108000,
        "incomelossfromcontinuingoperationsbeforeincometaxesextraordinaryitemsnoncontrollinginterest": 290893000,
        "incometaxexpensebenefit": 11184000,
        "profitloss": 279709000,
        "netincomelossattributabletononcontrollinginterest": 32000,
        "netincomelossavailabletocommonstockholdersbasic": 279677000,
        "othercomprehensiveincomelosscashflowhedgegainlossbeforereclassificationaftertax": -13644000,
        "othercomprehensiveincomelosscashflowhedgegainlossreclassificationaftertax": -1746000,
        "comprehensiveincomenetoftax": 267779000,
        "earningspersharebasic": 2,
        "earningspersharediluted": 2
    },
    {
        "date": "2019-06-29",
        "symbol": "AVB",
        "period": "Q2",
        "revenuefromcontractwithcustomerexcludingassessedtax": -1624000,
        "revenues": 579656000,
        "realestatetaxexpense": 62187000,
        "interestexpense": 50010000,
        "gainslossesonextinguishmentofdebt": -229000,
        "depreciation": 162692000,
        "generalandadministrativeexpense": 18983000,
        "operatingexpenses": 429735000,
        "incomelossfromequitymethodinvestments": 197000,
        "gainslossesonsalesofinvestmentrealestate": 18983000,
        "gainlossonsaleofotherassets": 33000,
        "incomelossfromcontinuingoperationsbeforeincometaxesextraordinaryitemsnoncontrollinginterest": 168287000,
        "incometaxexpensebenefit": -18000,
        "profitloss": 168305000,
        "netincomelossattributabletononcontrollinginterest": 24000,
        "netincomelossavailabletocommonstockholdersbasic": 168281000,
        "othercomprehensiveincomelosscashflowhedgegainlossbeforereclassificationaftertax": -2888000,
        "othercomprehensiveincomelosscashflowhedgegainlossreclassificationaftertax": -1611000,
        "comprehensiveincomenetoftax": 167004000,
        "earningspersharebasic": 1.2000000000000002,
        "earningspersharediluted": 1.2000000000000002
    },
    {
        "date": "2019-03-30",
        "symbol": "AVB",
        "period": "Q1",
        "operatingleasesincomestatementleaserevenue": 559742000,
        "revenuefromcontractwithcustomerexcludingassessedtax": 3876000,
        "revenues": 563790000,
        "directcostsofleasedandrentedpropertyorequipment": 123455000,
        "realestatetaxexpense": 61329000,
        "interestexpense": 47892000,
        "gainslossesonextinguishmentofdebt": -280000,
        "depreciation": 162057000,
        "generalandadministrativeexpense": 13688000,
        "businesscombinationacquisitionrelatedcosts": 1095000,
        "operatingexpenses": 409796000,
        "incomelossfromequitymethodinvestments": -1060000,
        "gainslossesonsalesofinvestmentrealestate": 16382000,
        "gainlossonsaleofotherassets": 267000,
        "incomelossfromcontinuingoperationsbeforeincometaxesextraordinaryitemsnoncontrollinginterest": 170430000,
        "incometaxexpensebenefit": 12000,
        "profitloss": 170418000,
        "netincomelossattributabletononcontrollinginterest": 52000,
        "netincomelossavailabletocommonstockholdersbasic": 170366000,
        "othercomprehensiveincomelosscashflowhedgegainlossbeforereclassificationaftertax": -7231000,
        "othercomprehensiveincomelosscashflowhedgegainlossreclassificationaftertax": -1468000,
        "comprehensiveincomenetoftax": 164603000,
        "earningspersharebasic": 1.23,
        "earningspersharediluted": 1.23
    },
    {
        "date": "2018-09-29",
        "symbol": "AVB",
        "period": "Q3",
        "operatingleasesincomestatementleaserevenue": 560643000,
        "revenues": 566477000,
        "directcostsofleasedandrentedpropertyorequipment": 132919000,
        "realestatetaxexpense": 61229000,
        "interestexpense": 54097000,
        "gainslossesonextinguishmentofdebt": 1128000,
        "depreciation": 156539000,
        "generalandadministrativeexpense": 13905000,
        "businesscombinationacquisitionrelatedcosts": 1020000,
        "operatingexpenses": 420833000,
        "incomelossbeforegainorlossonsaleofpropertiesextraordinaryitemsandcumulativeeffectsofaccountingchanges": 155150000,
        "incomelossfromequitymethodinvestments": 10031000,
        "gainlossonsaleofotherassets": 12000,
        "incomelossfromcontinuingoperationsbeforeincometaxesextraordinaryitemsnoncontrollinginterest": 192436000,
        "profitloss": 192407000,
        "netincomelossattributabletononcontrollinginterest": -79000,
        "netincomelossavailabletocommonstockholdersbasic": 192486000,
        "comprehensiveincomenetoftax": 193952000,
        "earningspersharebasic": 1.39,
        "earningspersharediluted": 1.39,
        "commonstockdividendspersharedeclared": 1.4700000000000004
    },
    {
        "date": "2018-06-29",
        "symbol": "AVB",
        "period": "Q2",
        "operatingleasesincomestatementleaserevenue": 551611000,
        "revenues": 557224000,
        "directcostsofleasedandrentedpropertyorequipment": 131760000,
        "realestatetaxexpense": 59995000,
        "interestexpense": 56585000,
        "gainslossesonextinguishmentofdebt": -642000,
        "depreciation": 156684000,
        "generalandadministrativeexpense": 14444000,
        "businesscombinationacquisitionrelatedcosts": 889000,
        "impairmentofrealestate": 0,
        "operatingexpenses": 420999000,
        "incomelossbeforegainorlossonsaleofpropertiesextraordinaryitemsandcumulativeeffectsofaccountingchanges": 148241000,
        "incomelossfromequitymethodinvestments": 789000,
        "gainlossonsaleofotherassets": 370000,
        "incomelossfromcontinuingoperationsbeforeincometaxesextraordinaryitemsnoncontrollinginterest": 254601000,
        "profitloss": 254543000,
        "netincomelossattributabletononcontrollinginterest": -119000,
        "netincomelossavailabletocommonstockholdersbasic": 254662000,
        "comprehensiveincomenetoftax": 256117000,
        "earningspersharebasic": 1.84,
        "earningspersharediluted": 1.84,
        "commonstockdividendspersharedeclared": 1.47
    },
    {
        "date": "2018-03-30",
        "symbol": "AVB",
        "period": "Q1",
        "operatingleasesincomestatementleaserevenue": 552060000,
        "managementfeesrevenue": 886000,
        "revenues": 557567000,
        "directcostsofleasedandrentedpropertyorequipment": 132024000,
        "realestatetaxexpense": 59896000,
        "interestexpense": 55113000,
        "gainslossesonextinguishmentofdebt": -397000,
        "depreciation": 159059000,
        "generalandadministrativeexpense": 13664000,
        "businesscombinationacquisitionrelatedcosts": 800000,
        "impairmentofrealestate": -58000,
        "operatingexpenses": 420895000,
        "incomelossbeforegainorlossonsaleofpropertiesextraordinaryitemsandcumulativeeffectsofaccountingchanges": 139897000,
        "incomelossfromequitymethodinvestments": 1740000,
        "gainlossonsaleofotherassets": -47000,
        "incomelossfromcontinuingoperationsbeforeincometaxesextraordinaryitemsnoncontrollinginterest": 141590000,
        "profitloss": 141590000,
        "netincomelossattributabletononcontrollinginterest": -53000,
        "netincomelossavailabletocommonstockholdersbasic": 141643000,
        "othercomprehensiveincomederivativesqualifyingashedgesnetoftaxportionattributabletoparent": 11501000,
        "othercomprehensiveincomelossreclassificationadjustmentfromaocionderivativesnetoftax": -1756000,
        "comprehensiveincomenetoftax": 154900000,
        "earningspersharebasic": 1.03,
        "earningspersharediluted": 1.03,
        "commonstockdividendspersharedeclared": 1.47
    },
    {
        "date": "2017-09-29",
        "symbol": "AVB",
        "period": "Q3",
        "operatingleasesincomestatementminimumleaserevenue": 549508000,
        "managementfeesrevenue": 992000,
        "revenues": 541294000,
        "directcostsofleasedandrentedpropertyorequipment": 129589000,
        "realestatetaxexpense": 57698000,
        "interestexpense": 47741000,
        "depreciation": 144990000,
        "generalandadministrativeexpense": 11655000,
        "businesscombinationacquisitionrelatedcosts": 789000,
        "operatingexpenses": 392462000,
        "incomelossbeforegainorlossonsaleofpropertiesextraordinaryitemsandcumulativeeffectsofaccountingchanges": 158038000,
        "incomelossfromequitymethodinvestments": 52567000,
        "incomelossfromcontinuingoperationsbeforeincometaxesextraordinaryitemsnoncontrollinginterest": 238223000,
        "incometaxexpensebenefit": 24000,
        "profitloss": 238199000,
        "netincomelossattributabletononcontrollinginterest": -49000,
        "netincomelossavailabletocommonstockholdersbasic": 238248000,
        "othercomprehensiveincomederivativesqualifyingashedgesnetoftaxportionattributabletoparent": 359000,
        "othercomprehensiveincomelossreclassificationadjustmentfromaocionderivativesnetoftax": -1767000,
        "comprehensiveincomenetoftax": 240374000,
        "earningspersharebasic": 1.7299999999999993,
        "earningspersharediluted": 1.7199999999999995,
        "commonstockdividendspersharedeclared": 1.42
    },
    {
        "date": "2017-06-29",
        "symbol": "AVB",
        "period": "Q2",
        "operatingleasesincomestatementminimumleaserevenue": 529413000,
        "managementfeesrevenue": 1098000,
        "revenues": 526785000,
        "directcostsofleasedandrentedpropertyorequipment": 126686000,
        "realestatetaxexpense": 53567000,
        "interestexpense": 50102000,
        "depreciation": 141439000,
        "generalandadministrativeexpense": 13947000,
        "businesscombinationacquisitionrelatedcosts": 570000,
        "impairmentofrealestate": 0,
        "operatingexpenses": 410473000,
        "incomelossbeforegainorlossonsaleofpropertiesextraordinaryitemsandcumulativeeffectsofaccountingchanges": 120038000,
        "incomelossfromequitymethodinvestments": 1147000,
        "gainslossesonsalesofinvestmentrealestate": 0,
        "gainlossonsaleofotherassets": 0,
        "incomelossfromcontinuingoperationsbeforeincometaxesextraordinaryitemsnoncontrollinginterest": 165252000,
        "incometaxexpensebenefit": 58000,
        "profitloss": 165194000,
        "netincomelossattributabletononcontrollinginterest": -31000,
        "netincomelossavailabletocommonstockholdersbasic": 165225000,
        "othercomprehensiveincomederivativesqualifyingashedgesnetoftaxportionattributabletoparent": -16158000,
        "othercomprehensiveincomelossreclassificationadjustmentfromaocionderivativesnetoftax": -1782000,
        "comprehensiveincomenetoftax": 150849000,
        "earningspersharebasic": 1.1900000000000002,
        "earningspersharediluted": 1.1900000000000002,
        "commonstockdividendspersharedeclared": 1.42
    },
    {
        "date": "2017-03-30",
        "symbol": "AVB",
        "period": "Q1",
        "operatingleasesincomestatementminimumleaserevenue": 521126000,
        "managementfeesrevenue": 1200000,
        "revenues": 519676000,
        "directcostsofleasedandrentedpropertyorequipment": 123044000,
        "realestatetaxexpense": 52930000,
        "interestexpense": 49295000,
        "depreciation": 140621000,
        "generalandadministrativeexpense": 13206000,
        "businesscombinationacquisitionrelatedcosts": 728000,
        "impairmentofrealestate": 9350000,
        "operatingexpenses": 391512000,
        "incomelossbeforegainorlossonsaleofpropertiesextraordinaryitemsandcumulativeeffectsofaccountingchanges": 130814000,
        "incomelossfromequitymethodinvestments": 16672000,
        "gainslossesonsalesofinvestmentrealestate": 87949000,
        "gainlossonsaleofotherassets": 366000,
        "incomelossfromcontinuingoperationsbeforeincometaxesextraordinaryitemsnoncontrollinginterest": 235801000,
        "incometaxexpensebenefit": 20000,
        "profitloss": 235781000,
        "netincomelossattributabletononcontrollinginterest": -94000,
        "netincomelossavailabletocommonstockholdersbasic": 235875000,
        "othercomprehensiveincomederivativesqualifyingashedgesnetoftaxportionattributabletoparent": 145000,
        "othercomprehensiveincomelossreclassificationadjustmentfromaocionderivativesnetoftax": -1752000,
        "comprehensiveincomenetoftax": 237772000,
        "earningspersharebasic": 1.72,
        "earningspersharediluted": 1.72,
        "commonstockdividendspersharedeclared": 1.42
    },
    {
        "date": "2016-09-29",
        "symbol": "AVB",
        "period": "Q3",
        "operatingleasesincomestatementminimumleaserevenue": 514891000,
        "managementfeesrevenue": 1319000,
        "revenues": 487688000,
        "directcostsofleasedandrentedpropertyorequipment": 124789000,
        "realestatetaxexpense": 52338000,
        "interestexpense": 47871000,
        "gainslossesonextinguishmentofdebt": 2461000,
        "depreciation": 131729000,
        "generalandadministrativeexpense": 11928000,
        "businesscombinationacquisitionrelatedcosts": 3804000,
        "impairmentofrealestate": -19539000,
        "operatingexpenses": 372458000,
        "incomelossfromequitymethodinvestments": -341000,
        "gainslossesonsalesofinvestmentrealestate": -30990000,
        "incomelossfromcontinuingoperationsbeforeincometaxesextraordinaryitemsnoncontrollinginterest": 356351000,
        "incometaxexpensebenefit": 22000,
        "profitloss": 356329000,
        "netincomelossattributabletononcontrollinginterest": -63000,
        "netincomelossavailabletocommonstockholdersbasic": 356392000,
        "othercomprehensiveincomederivativesqualifyingashedgesnetoftaxportionattributabletoparent": 719000,
        "othercomprehensiveincomelossreclassificationadjustmentfromaocionderivativesnetoftax": -1747000,
        "comprehensiveincomenetoftax": 358858000,
        "commonstockdividendspersharedeclared": 1.3499999999999996
    },
    {
        "date": "2016-06-29",
        "symbol": "AVB",
        "period": "Q2",
        "operatingleasesincomestatementminimumleaserevenue": 500840000,
        "managementfeesrevenue": 1467000,
        "revenues": 500291000,
        "directcostsofleasedandrentedpropertyorequipment": 118903000,
        "realestatetaxexpense": 51107000,
        "interestexpense": 46581000,
        "gainslossesonextinguishmentofdebt": -2461000,
        "depreciation": 132469000,
        "generalandadministrativeexpense": 12011000,
        "businesscombinationacquisitionrelatedcosts": 1436000,
        "impairmentofrealestate": 4000000,
        "operatingexpenses": 363236000,
        "incomelossfromequitymethodinvestments": 27151000,
        "gainslossesonsalesofinvestmentrealestate": 30990000,
        "gainlossonsaleofotherassets": 143000,
        "incomelossfromcontinuingoperationsbeforeincometaxesextraordinaryitemsnoncontrollinginterest": 197355000,
        "incometaxexpensebenefit": 36000,
        "profitloss": 197319000,
        "netincomelossattributabletononcontrollinginterest": -125000,
        "netincomelossavailabletocommonstockholdersbasic": 197444000,
        "othercomprehensiveincomederivativesqualifyingashedgesnetoftaxportionattributabletoparent": -26788000,
        "othercomprehensiveincomelossreclassificationadjustmentfromaocionderivativesnetoftax": -1561000,
        "comprehensiveincomenetoftax": 172217000,
        "earningspersharebasic": 1.44,
        "earningspersharediluted": 1.44,
        "commonstockdividendspersharedeclared": 1.35
    },
    {
        "date": "2016-03-30",
        "symbol": "AVB",
        "period": "Q1",
        "operatingleasesincomestatementminimumleaserevenue": 506974000,
        "managementfeesrevenue": 1524000,
        "revenues": 507305000,
        "directcostsofleasedandrentedpropertyorequipment": 116626000,
        "realestatetaxexpense": 50067000,
        "interestexpense": 43410000,
        "gainslossesonextinguishmentofdebt": 2003000,
        "depreciation": 127216000,
        "generalandadministrativeexpense": 11404000,
        "businesscombinationacquisitionrelatedcosts": 3462000,
        "impairmentofrealestate": 26039000,
        "operatingexpenses": 349983000,
        "incomelossfromequitymethodinvestments": 27969000,
        "gainslossesonsalesofinvestmentrealestate": 51430000,
        "incomelossfromcontinuingoperationsbeforeincometaxesextraordinaryitemsnoncontrollinginterest": 237914000,
        "incometaxexpensebenefit": 37000,
        "profitloss": 237877000,
        "netincomelossattributabletononcontrollinginterest": -54000,
        "netincomelossavailabletocommonstockholdersbasic": 237931000,
        "othercomprehensiveincomederivativesqualifyingashedgesnetoftaxportionattributabletoparent": -47757000,
        "othercomprehensiveincomelossreclassificationadjustmentfromaocionderivativesnetoftax": -1374000,
        "comprehensiveincomenetoftax": 191548000,
        "commonstockdividendspersharedeclared": 1.35
    },
    {
        "date": "2015-09-29",
        "symbol": "AVB",
        "period": "Q3",
        "operatingleasesincomestatementminimumleaserevenue": 473200000,
        "managementfeesrevenue": 2161000,
        "revenues": 474008000,
        "directcostsofleasedandrentedpropertyorequipment": 115656000,
        "realestatetaxexpense": 50416000,
        "interestexpense": 43234000,
        "depreciation": 120184000,
        "generalandadministrativeexpense": 10503000,
        "operatingexpenses": 325055000,
        "incomelossfromequitymethodinvestments": 166000,
        "gainlossonsaleofotherassets": 0,
        "incomelossfromcontinuingoperationsincludingportionattributabletononcontrollinginterest": 206075000,
        "profitloss": 206075000,
        "netincomelossattributabletononcontrollinginterest": -66000,
        "netincomelossavailabletocommonstockholdersbasic": 206141000,
        "othercomprehensiveincomelossreclassificationadjustmentfromaocionderivativesnetoftax": -1342000,
        "comprehensiveincomenetoftax": 207483000,
        "incomelossfromcontinuingoperationsperbasicshare": 1.5400000000000003,
        "earningspersharebasic": 1.5400000000000003,
        "incomelossfromcontinuingoperationsperdilutedshare": 1.5299999999999998,
        "earningspersharediluted": 1.5299999999999998,
        "commonstockdividendspersharedeclared": 1.25
    },
    {
        "date": "2015-06-29",
        "symbol": "AVB",
        "period": "Q2",
        "operatingleasesincomestatementminimumleaserevenue": 454517000,
        "managementfeesrevenue": 2942000,
        "revenues": 452650000,
        "directcostsofleasedandrentedpropertyorequipment": 112183000,
        "realestatetaxexpense": 45912000,
        "interestexpense": 44591000,
        "depreciation": 118627000,
        "generalandadministrativeexpense": 11513000,
        "expensedacquisitiondevelopmentandotherpursuitcostsnetofrecoveries": 673000,
        "operatingexpenses": 308636000,
        "incomelossfromequitymethodinvestments": -23102000,
        "gainlossonsaleofotherassets": 9604000,
        "gainslossesonsalesofinvestmentrealestate": 0,
        "incomelossfromcontinuingoperationsincludingportionattributabletononcontrollinginterest": 172253000,
        "profitloss": 172253000,
        "netincomelossattributabletononcontrollinginterest": -72000,
        "netincomelossavailabletocommonstockholdersbasic": 172325000,
        "othercomprehensiveincomelossreclassificationadjustmentfromaocionderivativesnetoftax": -1427000,
        "comprehensiveincomenetoftax": 173752000,
        "incomelossfromcontinuingoperationsperbasicshare": 1.3099999999999998,
        "earningspersharebasic": 1.3099999999999998,
        "incomelossfromcontinuingoperationsperdilutedshare": 1.2999999999999998,
        "earningspersharediluted": 1.2999999999999998,
        "commonstockdividendspersharedeclared": 1.25
    },
    {
        "date": "2015-03-30",
        "symbol": "AVB",
        "period": "Q1",
        "operatingleasesincomestatementminimumleaserevenue": 439756000,
        "managementfeesrevenue": 2611000,
        "revenues": 442367000,
        "directcostsofleasedandrentedpropertyorequipment": 112662000,
        "realestatetaxexpense": 47177000,
        "interestexpense": 45573000,
        "depreciation": 116853000,
        "generalandadministrativeexpense": 10598000,
        "expensedacquisitiondevelopmentandotherpursuitcostsnetofrecoveries": 1187000,
        "impairmentofrealestate": 793000,
        "operatingexpenses": 339838000,
        "incomelossfromequitymethodinvestments": 34566000,
        "gainlossonsaleofotherassets": 22000,
        "gainslossesonsalesofinvestmentrealestate": 70936000,
        "incomelossfromcontinuingoperationsincludingportionattributabletononcontrollinginterest": 208053000,
        "profitloss": 208053000,
        "netincomelossattributabletononcontrollinginterest": -91000,
        "netincomelossavailabletocommonstockholdersbasic": 208144000,
        "othercomprehensiveincomelossreclassificationadjustmentfromaocionderivativesnetoftax": -1565000,
        "comprehensiveincomenetoftax": 209709000,
        "incomelossfromcontinuingoperationsperbasicshare": 1.57,
        "earningspersharebasic": 1.57,
        "incomelossfromcontinuingoperationsperdilutedshare": 1.56,
        "earningspersharediluted": 1.56,
        "commonstockdividendspersharedeclared": 1.25
    },
    {
        "date": "2014-09-29",
        "symbol": "AVB",
        "period": "Q3",
        "managementfeesrevenue": 2503000,
        "revenues": 48046000,
        "directcostsofleasedandrentedpropertyorequipment": 105211000,
        "realestatetaxexpense": 44996000,
        "interestexpense": 46376000,
        "depreciation": 111836000,
        "generalandadministrativeexpense": 11289000,
        "operatingexpenses": 320115000,
        "incomelossfromequitymethodinvestments": 130594000,
        "incomelossfromcontinuingoperationsincludingportionattributabletononcontrollinginterest": 241005000,
        "profitloss": 241005000,
        "netincomelossattributabletononcontrollinginterest": -99000,
        "netincomelossavailabletocommonstockholdersbasic": 241104000,
        "othercomprehensiveincomelossreclassificationadjustmentfromaocionderivativesnetoftax": -1546000,
        "comprehensiveincomenetoftax": 242650000,
        "incomelossfromcontinuingoperationsperbasicshare": 1.8399999999999996,
        "earningspersharebasic": 1.8400000000000005,
        "incomelossfromcontinuingoperationsperdilutedshare": 1.8299999999999998,
        "earningspersharediluted": 1.8299999999999998,
        "commonstockdividendspersharedeclared": 1.1600000000000004
    },
    {
        "date": "2014-06-29",
        "symbol": "AVB",
        "period": "Q2",
        "managementfeesrevenue": 2673000,
        "revenues": -307230000,
        "directcostsofleasedandrentedpropertyorequipment": 101059000,
        "realestatetaxexpense": 42439000,
        "interestexpense": 43722000,
        "depreciation": 110395000,
        "generalandadministrativeexpense": 10220000,
        "expensedacquisitiondevelopmentandotherpursuitcosts": 2017000,
        "operatingexpenses": 310264000,
        "incomelossfromequitymethodinvestments": 7710000,
        "incomelossfromcontinuingoperationsincludingportionattributabletononcontrollinginterest": 172197000,
        "discontinuedoperationincomelossfromdiscontinuedoperationduringphaseoutperiodnetoftax": 0,
        "gainlossondispositionofrealestatediscontinuedoperations": 0,
        "incomelossfromdiscontinuedoperationsnetoftax": 0,
        "profitloss": 172197000,
        "netincomelossattributabletononcontrollinginterest": 14111000,
        "netincomelossavailabletocommonstockholdersbasic": 158086000,
        "othercomprehensiveincomelossreclassificationadjustmentfromaocionderivativesnetoftax": -1438000,
        "comprehensiveincomenetoftax": 159524000,
        "incomelossfromcontinuingoperationsperbasicshare": 1.22,
        "incomelossfromdiscontinuedoperationsnetoftaxperbasicshare": 0,
        "earningspersharebasic": 1.22,
        "incomelossfromcontinuingoperationsperdilutedshare": 1.22,
        "incomelossfromdiscontinuedoperationsnetoftaxperdilutedshare": 0,
        "earningspersharediluted": 1.22,
        "commonstockdividendspersharedeclared": 1.16
    },
    {
        "date": "2014-03-30",
        "symbol": "AVB",
        "period": "Q1",
        "rentalandotherincome": 396998000,
        "managementfeesrevenue": 3077000,
        "revenues": 400075000,
        "directcostsofleasedandrentedpropertyorequipment": 98542000,
        "realestatetaxexpense": 44485000,
        "interestexpense": 42533000,
        "depreciation": 106367000,
        "generalandadministrativeexpense": 9236000,
        "expensedacquisitiondevelopmentandotherpursuitcosts": 715000,
        "operatingexpenses": 301878000,
        "incomelossfromequitymethodinvestments": 5223000,
        "incomelossfromcontinuingoperationsincludingportionattributabletononcontrollinginterest": 103420000,
        "discontinuedoperationincomelossfromdiscontinuedoperationduringphaseoutperiodnetoftax": 310000,
        "gainlossondispositionofrealestatediscontinuedoperations": 37869000,
        "incomelossfromdiscontinuedoperationsnetoftax": 38179000,
        "profitloss": 141599000,
        "netincomelossattributabletononcontrollinginterest": -140000,
        "netincomelossavailabletocommonstockholdersbasic": 141739000,
        "othercomprehensiveincomelossreclassificationadjustmentfromaocionderivativesnetoftax": -1573000,
        "comprehensiveincomenetoftax": 143312000,
        "incomelossfromcontinuingoperationsperbasicshare": 0.8,
        "incomelossfromdiscontinuedoperationsnetoftaxperbasicshare": 0.29,
        "earningspersharebasic": 1.09,
        "incomelossfromcontinuingoperationsperdilutedshare": 0.8,
        "incomelossfromdiscontinuedoperationsnetoftaxperdilutedshare": 0.29,
        "earningspersharediluted": 1.09,
        "commonstockdividendspersharedeclared": 1.16
    },
    {
        "date": "2013-09-29",
        "symbol": "AVB",
        "period": "Q3",
        "rentalandotherincome": 376093000,
        "managementfeesrevenue": 3013000,
        "revenues": 654613000,
        "directcostsofleasedandrentedpropertyorequipment": 94578000,
        "realestatetaxexpense": 41514000,
        "generalandadministrativeexpense": 9878000,
        "operatingexpenses": 397515000,
        "incomelossfromequitymethodinvestments": 3260000,
        "incomelossfromcontinuingoperationsincludingportionattributabletononcontrollinginterest": -15149000,
        "discontinuedoperationincomelossfromdiscontinuedoperationduringphaseoutperiodnetoftax": 4264000,
        "gainlossondispositionofrealestatediscontinuedoperations": 0,
        "incomelossfromdiscontinuedoperationsnetoftax": 4264000,
        "profitloss": -10885000,
        "netincomelossattributabletononcontrollinginterest": -169000,
        "netincomelossavailabletocommonstockholdersbasic": -142125000,
        "othercomprehensiveincomelossreclassificationadjustmentonderivativesincludedinnetincomenetoftax": 54948000,
        "comprehensiveincomenetoftax": 44232000,
        "incomelossfromcontinuingoperationsperbasicshare": -0.10999999999999999,
        "incomelossfromdiscontinuedoperationsnetoftaxperbasicshare": 0,
        "earningspersharebasic": -0.10999999999999999,
        "incomelossfromcontinuingoperationsperdilutedshare": -0.10999999999999999,
        "incomelossfromdiscontinuedoperationsnetoftaxperdilutedshare": 0,
        "earningspersharediluted": -0.10999999999999999,
        "commonstockdividendspersharedeclared": 1.0699999999999996
    },
    {
        "date": "2013-06-29",
        "symbol": "AVB",
        "period": "Q2",
        "rentalandotherincome": 386321000,
        "managementfeesrevenue": 2913000,
        "revenues": 389234000,
        "directcostsofleasedandrentedpropertyorequipment": 90056000,
        "realestatetaxexpense": 42038000,
        "interestexpensenet": 43169000,
        "costofservicesdepreciation": 196106000,
        "generalandadministrativeexpense": 11345000,
        "expensedacquisitiondevelopmentandotherpursuitcosts": 3768000,
        "operatingexpenses": 386482000,
        "incomelossfromequitymethodinvestments": -940000,
        "gainlossondispositionofproperty": 240000,
        "incomelossfromcontinuingoperationsincludingportionattributabletononcontrollinginterest": 2052000,
        "discontinuedoperationincomelossfromdiscontinuedoperationduringphaseoutperiodnetoftax": 363000,
        "gainlossondispositionofrealestatediscontinuedoperations": 33682000,
        "incomelossfromdiscontinuedoperationsnetoftax": 34045000,
        "profitloss": 36097000,
        "netincomelossattributabletononcontrollinginterest": -121000,
        "netincomelossavailabletocommonstockholdersbasic": 36218000,
        "othercomprehensiveincomelossreclassificationadjustmentonderivativesincludedinnetincomenetoftax": 1574000,
        "comprehensiveincomenetoftax": 37792000,
        "incomelossfromcontinuingoperationsperbasicshare": 0.02,
        "incomelossfromdiscontinuedoperationsnetoftaxperbasicshare": 0.26,
        "earningspersharebasic": 0.28,
        "incomelossfromcontinuingoperationsperdilutedshare": 0.02,
        "incomelossfromdiscontinuedoperationsnetoftaxperdilutedshare": 0.26,
        "earningspersharediluted": 0.28,
        "commonstockdividendspersharedeclared": 1.07
    },
    {
        "date": "2013-03-30",
        "symbol": "AVB",
        "period": "Q1",
        "rentalandotherincome": 309859000,
        "managementfeesrevenue": 2272000,
        "revenues": 36624000,
        "directcostsofleasedandrentedpropertyorequipment": 73971000,
        "realestatetaxexpense": 32963000,
        "interestexpensenet": 38174000,
        "costofservicesdepreciation": 109829000,
        "generalandadministrativeexpense": 10039000,
        "businesscombinationacquisitionrelatedcosts": 69271000,
        "operatingexpenses": 305035000,
        "incomelossfromequitymethodinvestments": -18564000,
        "incomelossfromcontinuingoperationsincludingportionattributabletononcontrollinginterest": -11468000,
        "discontinuedoperationincomelossfromdiscontinuedoperationduringphaseoutperiodnetoftax": 2446000,
        "gainlossondispositionofrealestatediscontinuedoperations": 84491000,
        "incomelossfromdiscontinuedoperationsnetoftax": 86937000,
        "profitloss": 75469000,
        "netincomelossattributabletononcontrollinginterest": 42000,
        "netincomelossavailabletocommonstockholdersbasic": -22635000,
        "othercomprehensiveincomelossreclassificationadjustmentonderivativesincludedinnetincomenetoftax": 1391000,
        "comprehensiveincomenetoftax": 76818000,
        "incomelossfromcontinuingoperationsperbasicshare": -0.1,
        "incomelossfromdiscontinuedoperationsnetoftaxperbasicshare": 0.73,
        "earningspersharebasic": 0.63,
        "incomelossfromcontinuingoperationsperdilutedshare": -0.1,
        "incomelossfromdiscontinuedoperationsnetoftaxperdilutedshare": 0.73,
        "earningspersharediluted": 0.63,
        "commonstockdividendspersharedeclared": 1.07
    },
    {
        "date": "2012-09-29",
        "symbol": "AVB",
        "period": "Q3",
        "rentalandotherincome": 269372000,
        "managementfeesrevenue": 2533000,
        "revenues": 271905000,
        "directcostsofleasedandrentedpropertyorequipment": 70365000,
        "realestatetaxexpense": 26184000,
        "interestexpensenet": 33985000,
        "costofservicesdepreciation": 65998000,
        "generalandadministrativeexpense": 8372000,
        "operatingexpenses": 204904000,
        "incomelossfromequitymethodinvestments": 5553000,
        "incomelossfromcontinuingoperationsincludingportionattributabletononcontrollinginterest": 86748000,
        "discontinuedoperationincomelossfromdiscontinuedoperationduringphaseoutperiodnetoftax": 0,
        "incomelossfromdiscontinuedoperationsnetoftax": 0,
        "profitloss": 86748000,
        "netincomelossattributabletononcontrollinginterest": -97000,
        "netincomelossavailabletocommonstockholdersbasic": 86845000,
        "othercomprehensiveincomederivativesqualifyingashedgesnetoftaxportionattributabletoparent": -6978000,
        "comprehensiveincomenetoftax": 79867000,
        "incomelossfromcontinuingoperationsperbasicshare": 0.9,
        "incomelossfromdiscontinuedoperationsnetoftaxperbasicshare": -0.01,
        "earningspersharebasic": 0.89,
        "incomelossfromcontinuingoperationsperdilutedshare": 0.89,
        "incomelossfromdiscontinuedoperationsnetoftaxperdilutedshare": 8.673617379884035e-18,
        "earningspersharediluted": 0.8899999999999998,
        "commonstockdividendspersharedeclared": 0.9700000000000002
    },
    {
        "date": "2012-06-29",
        "symbol": "AVB",
        "period": "Q2",
        "rentalandotherincome": 254147000,
        "managementfeesrevenue": 2770000,
        "revenues": 256917000,
        "directcostsofleasedandrentedpropertyorequipment": 68566000,
        "realestatetaxexpense": 24927000,
        "interestexpensenet": 33193000,
        "gainslossesonextinguishmentofdebt": 0,
        "costofservicesdepreciation": 64445000,
        "generalandadministrativeexpense": 8316000,
        "operatingexpenses": 199447000,
        "incomelossfromequitymethodinvestments": 2073000,
        "incomelossfromcontinuingoperationsincludingportionattributabletononcontrollinginterest": 59823000,
        "discontinuedoperationincomelossfromdiscontinuedoperationduringphaseoutperiodnetoftax": 1949000,
        "incomelossfromdiscontinuedoperationsnetoftax": 96998000,
        "profitloss": 156821000,
        "netincomelossattributabletononcontrollinginterest": -88000,
        "netincomelossavailabletocommonstockholdersbasic": 156909000,
        "othercomprehensiveincomederivativesqualifyingashedgesnetoftaxportionattributabletoparent": -27797000,
        "comprehensiveincomenetoftax": 129112000,
        "incomelossfromcontinuingoperationsperbasicshare": 0.62,
        "incomelossfromdiscontinuedoperationsnetoftaxperbasicshare": 1.02,
        "earningspersharebasic": 1.6400000000000001,
        "incomelossfromcontinuingoperationsperdilutedshare": 0.63,
        "incomelossfromdiscontinuedoperationsnetoftaxperdilutedshare": 1.01,
        "earningspersharediluted": 1.6400000000000001,
        "commonstockdividendspersharedeclared": 0.97
    },
    {
        "date": "2012-03-30",
        "symbol": "AVB",
        "period": "Q1",
        "rentalandotherincome": 249905000,
        "managementfeesrevenue": 2549000,
        "revenues": 252454000,
        "directcostsofleasedandrentedpropertyorequipment": 65905000,
        "realestatetaxexpense": 24530000,
        "interestexpensenet": 33626000,
        "gainslossesonextinguishmentofdebt": -1179000,
        "costofservicesdepreciation": 62991000,
        "generalandadministrativeexpense": 9710000,
        "operatingexpenses": 197941000,
        "incomelossfromequitymethodinvestments": 2175000,
        "incomelossfromcontinuingoperationsincludingportionattributabletononcontrollinginterest": 56688000,
        "discontinuedoperationincomelossfromdiscontinuedoperationduringphaseoutperiodnetoftax": 921000,
        "incomelossfromdiscontinuedoperationsnetoftax": 921000,
        "profitloss": 57609000,
        "netincomelossattributabletononcontrollinginterest": -149000,
        "netincomelossavailabletocommonstockholdersbasic": 57758000,
        "othercomprehensiveincomederivativesqualifyingashedgesnetoftaxportionattributabletoparent": 11008000,
        "comprehensiveincomenetoftax": 68766000,
        "incomelossfromcontinuingoperationsperbasicshare": 0.6,
        "incomelossfromdiscontinuedoperationsnetoftaxperbasicshare": 0.01,
        "earningspersharebasic": 0.61,
        "incomelossfromcontinuingoperationsperdilutedshare": 0.59,
        "incomelossfromdiscontinuedoperationsnetoftaxperdilutedshare": 0.01,
        "earningspersharediluted": 0.6,
        "commonstockdividendspersharedeclared": 0.97
    },
    {
        "date": "2011-09-29",
        "symbol": "AVB",
        "period": "Q3",
        "rentalandotherincome": 244520000,
        "managementfeesrevenue": 2433000,
        "revenues": 246953000,
        "directcostsofleasedandrentedpropertyorequipment": 63739000,
        "realestatetaxexpense": 24236000,
        "interestexpensenet": 43970000,
        "costofservicesdepreciation": 60878000,
        "generalandadministrativeexpense": 6087000,
        "operatingexpenses": 212962000,
        "incomelossfromequitymethodinvestments": 2615000,
        "incomelossfromcontinuingoperationsincludingportionattributabletononcontrollinginterest": 50322000,
        "profitloss": 44676000,
        "netincomelossattributabletononcontrollinginterest": -147000,
        "netincomelossavailabletocommonstockholdersbasic": 44823000,
        "othercomprehensiveincomederivativesqualifyingashedgesnetoftaxportionattributabletoparent": -60271000,
        "comprehensiveincomenetoftax": -15448000,
        "incomelossfromcontinuingoperationsperbasicshare": 0.5600000000000002,
        "earningspersharebasic": 0.4900000000000001,
        "incomelossfromcontinuingoperationsperdilutedshare": 0.56,
        "earningspersharediluted": 0.4900000000000001,
        "commonstockdividendspersharedeclared": 0.8925000000000002
    },
    {
        "date": "2011-06-29",
        "symbol": "AVB",
        "period": "Q2",
        "rentalandotherincome": 242527000,
        "managementfeesrevenue": 2332000,
        "revenues": 244859000,
        "directcostsofleasedandrentedpropertyorequipment": 68600000,
        "realestatetaxexpense": 24152000,
        "interestexpensenet": 45855000,
        "costofservicesdepreciation": 62894000,
        "generalandadministrativeexpense": 8145000,
        "operatingexpenses": 209646000,
        "incomelossfromequitymethodinvestments": 395000,
        "incomelossfromcontinuingoperationsincludingportionattributabletononcontrollinginterest": 35608000,
        "discontinuedoperationincomelossfromdiscontinuedoperationduringphaseoutperiodbeforeincometax": -91000,
        "discontinuedoperationgainlossfromdisposalofdiscontinuedoperationbeforeincometax": 7675000,
        "incomelossfromdiscontinuedoperationsnetoftax": 7584000,
        "profitloss": 43192000,
        "netincomelossattributabletononcontrollinginterest": -181000,
        "netincomelossavailabletocommonstockholdersbasic": 43373000,
        "othercomprehensiveincomederivativesqualifyingashedgesnetoftaxportionattributabletoparent": -19336000,
        "comprehensiveincomenetoftax": 24037000,
        "incomelossfromcontinuingoperationsperbasicshare": 0.41,
        "incomelossfromdiscontinuedoperationsnetoftaxperbasicshare": 0.09,
        "earningspersharebasic": 0.5,
        "incomelossfromcontinuingoperationsperdilutedshare": 0.4,
        "incomelossfromdiscontinuedoperationsnetoftaxperdilutedshare": 0.09,
        "earningspersharediluted": 0.49,
        "commonstockdividendspersharedeclared": 0.8925
    },
    {
        "date": "2011-03-30",
        "symbol": "AVB",
        "period": "Q1",
        "rentalandotherincome": 233488000,
        "managementfeesrevenue": 2320000,
        "revenues": 235808000,
        "directcostsofleasedandrentedpropertyorequipment": 68062000,
        "realestatetaxexpense": 24850000,
        "interestexpensenet": 44271000,
        "costofservicesdepreciation": 61299000,
        "generalandadministrativeexpense": 7292000,
        "operatingexpenses": 205774000,
        "incomelossfromequitymethodinvestments": 503000,
        "incomelossfromcontinuingoperationsincludingportionattributabletononcontrollinginterest": 30537000,
        "profitloss": 30537000,
        "netincomelossattributabletononcontrollinginterest": 196000,
        "netincomelossavailabletocommonstockholdersbasic": 30341000,
        "othercomprehensiveincomederivativesqualifyingashedgesnetoftaxportionattributabletoparent": -84000,
        "comprehensiveincomenetoftax": 30257000,
        "incomelossfromcontinuingoperationsperbasicshare": 0.35,
        "earningspersharebasic": 0.35,
        "incomelossfromcontinuingoperationsperdilutedshare": 0.35,
        "earningspersharediluted": 0.35,
        "commonstockdividendspersharedeclared": 0.8925
    },
    {
        "date": "2010-09-29",
        "symbol": "AVB",
        "period": "Q3",
        "rentalandotherincome": 225518000,
        "managementfeesrevenue": 1801000,
        "revenues": 227319000,
        "operatingexpensesexcludingpropertytaxes": 69659000,
        "realestatetaxexpense": 23348000,
        "interestexpensenet": 44261000,
        "costofservicesdepreciation": 58382000,
        "generalandadministrativeexpense": 7039000,
        "operatingexpenses": 202689000,
        "incomelossfromequitymethodinvestments": -326000,
        "incomelossfromcontinuingoperationsincludingportionattributabletononcontrollinginterest": 24304000,
        "discontinuedoperationincomelossfromdiscontinuedoperationduringphaseoutperiodbeforeincometax": -322000,
        "discontinuedoperationgainlossfromdisposalofdiscontinuedoperationbeforeincometax": 0,
        "incomelossfromdiscontinuedoperationsnetoftax": -322000,
        "profitloss": 23982000,
        "netincomelossattributabletononcontrollinginterest": -674000,
        "netincomeloss": 24656000,
        "othercomprehensiveincomederivativesqualifyingashedgesbeforetaxportionattributabletoparent": -313000,
        "comprehensiveincomenetoftax": 24343000,
        "incomelossfromcontinuingoperationsperbasicshare": 0.28,
        "incomelossfromdiscontinuedoperationsnetoftaxperbasicshare": -0.010000000000000009,
        "earningspersharebasic": 0.27000000000000013,
        "incomelossfromcontinuingoperationsperdilutedshare": 0.28,
        "incomelossfromdiscontinuedoperationsnetoftaxperdilutedshare": -0.010000000000000009,
        "earningspersharediluted": 0.2699999999999999,
        "commonstockdividendspersharedeclared": 0.8925000000000002
    },
    {
        "date": "2010-06-29",
        "symbol": "AVB",
        "period": "Q2",
        "rentalandotherincome": 218784000,
        "managementfeesrevenue": 1684000,
        "revenues": 220468000,
        "operatingexpensesexcludingpropertytaxes": 65885000,
        "realestatetaxexpense": 23175000,
        "interestexpensenet": 41458000,
        "costofservicesdepreciation": 57479000,
        "generalandadministrativeexpense": 4041000,
        "operatingexpenses": 192038000,
        "incomelossfromequitymethodinvestments": 463000,
        "incomelossfromcontinuingoperationsincludingportionattributabletononcontrollinginterest": 28893000,
        "discontinuedoperationincomelossfromdiscontinuedoperationduringphaseoutperiodbeforeincometax": 244000,
        "discontinuedoperationgainlossfromdisposalofdiscontinuedoperationbeforeincometax": 21929000,
        "incomelossfromdiscontinuedoperationsnetoftax": 22173000,
        "profitloss": 51066000,
        "netincomelossattributabletononcontrollinginterest": -59000,
        "netincomeloss": 51125000,
        "othercomprehensiveincomederivativesqualifyingashedgesbeforetaxportionattributabletoparent": -677000,
        "comprehensiveincomenetoftax": 50448000,
        "incomelossfromcontinuingoperationsperbasicshare": 0.35,
        "incomelossfromdiscontinuedoperationsnetoftaxperbasicshare": 0.26,
        "earningspersharebasic": 0.61,
        "incomelossfromcontinuingoperationsperdilutedshare": 0.35,
        "incomelossfromdiscontinuedoperationsnetoftaxperdilutedshare": 0.26,
        "earningspersharediluted": 0.61,
        "commonstockdividendspersharedeclared": 0.8925
    },
    {
        "date": "2010-03-30",
        "symbol": "AVB",
        "period": "Q1",
        "rentalandotherincome": 213738000,
        "managementfeesrevenue": 1849000,
        "revenues": 215587000,
        "operatingexpensesexcludingpropertytaxes": 65031000,
        "realestatetaxexpense": 23172000,
        "interestexpensenet": 42541000,
        "costofservicesdepreciation": 56095000,
        "generalandadministrativeexpense": 8895000,
        "operatingexpenses": 195734000,
        "incomelossfromequitymethodinvestments": 227000,
        "incomelossfromcontinuingoperationsincludingportionattributabletononcontrollinginterest": 20080000,
        "discontinuedoperationincomelossfromdiscontinuedoperationduringphaseoutperiodbeforeincometax": 1995000,
        "discontinuedoperationgainlossfromdisposalofdiscontinuedoperationbeforeincometax": 50291000,
        "incomelossfromdiscontinuedoperationsnetoftax": 52286000,
        "profitloss": 72366000,
        "netincomelossattributabletononcontrollinginterest": -157000,
        "netincomeloss": 72523000,
        "othercomprehensiveincomederivativesqualifyingashedgesbeforetaxportionattributabletoparent": 542000,
        "comprehensiveincomenetoftax": 73065000,
        "incomelossfromcontinuingoperationsperbasicshare": 0.25,
        "incomelossfromdiscontinuedoperationsnetoftaxperbasicshare": 0.64,
        "earningspersharebasic": 0.89,
        "incomelossfromcontinuingoperationsperdilutedshare": 0.25,
        "incomelossfromdiscontinuedoperationsnetoftaxperdilutedshare": 0.63,
        "earningspersharediluted": 0.88,
        "commonstockdividendspersharedeclared": 0.8925
    }
]