[
    {
        "date": "2024-09-29",
        "symbol": "CVNA",
        "period": "Q3",
        "revenuefromcontractwithcustomerexcludingassessedtax": 2000000,
        "costofgoodsandservicessold": 2848000000,
        "grossprofit": 807000000,
        "sellinggeneralandadministrativeexpense": 469000000,
        "otheroperatingincomeexpensenet": -1000000,
        "operatingincomeloss": 337000000,
        "interestexpensenonoperating": 157000000,
        "gainslossesonextinguishmentofdebt": -4000000,
        "othernonoperatingincomeexpense": -29000000,
        "incomelossincludingportionattributabletononcontrollinginterest": 147000000,
        "incometaxexpensebenefit": -1000000,
        "profitloss": 148000000,
        "netincomelossattributabletononcontrollinginterest": 63000000,
        "netincomeloss": 85000000,
        "earningspersharebasic": 0.69,
        "earningspersharediluted": 0.64,
        "weightedaveragenumberofsharesoutstandingbasic": 123883000,
        "weightedaveragenumberofdilutedsharesoutstanding": 133555000
    },
    {
        "date": "2024-06-29",
        "symbol": "CVNA",
        "period": "Q2",
        "revenuefromcontractwithcustomerexcludingassessedtax": 2411000000,
        "costofgoodsandservicessold": 2000000,
        "grossprofit": 715000000,
        "sellinggeneralandadministrativeexpense": 8000000,
        "otheroperatingincomeexpensenet": -1000000,
        "operatingincomeloss": 259000000,
        "interestexpensenonoperating": 173000000,
        "gainslossesonextinguishmentofdebt": -2000000,
        "othernonoperatingincomeexpense": -35000000,
        "incomelossincludingportionattributabletononcontrollinginterest": 49000000,
        "incometaxexpensebenefit": 1000000,
        "profitloss": 48000000,
        "netincomelossattributabletononcontrollinginterest": 30000000,
        "netincomeloss": 18000000,
        "earningspersharebasic": 0.15,
        "earningspersharediluted": 0.14,
        "weightedaveragenumberofsharesoutstandingbasic": 118930000,
        "weightedaveragenumberofdilutedsharesoutstanding": 128465000
    },
    {
        "date": "2024-03-30",
        "symbol": "CVNA",
        "period": "Q1",
        "revenuefromcontractwithcustomerexcludingassessedtax": 2175000000,
        "costofgoodsandservicessold": 1000000,
        "grossprofit": 591000000,
        "sellinggeneralandadministrativeexpense": 7000000,
        "otheroperatingincomeexpensenet": -1000000,
        "operatingincomeloss": 134000000,
        "interestexpense": 173000000,
        "othernonoperatingincomeexpense": 87000000,
        "incomelossincludingportionattributabletononcontrollinginterest": 48000000,
        "incometaxexpensebenefit": -1000000,
        "profitloss": 49000000,
        "netincomelossattributabletononcontrollinginterest": 21000000,
        "netincomeloss": 28000000,
        "earningspersharebasic": 0.24,
        "earningspersharediluted": 0.24,
        "weightedaveragenumberofsharesoutstandingbasic": 116298000,
        "weightedaveragenumberofdilutedsharesoutstanding": 212239000
    },
    {
        "date": "2023-06-29",
        "symbol": "CVNA",
        "period": "Q2",
        "revenuefromcontractwithcustomerexcludingassessedtax": 0,
        "costofgoodsandservicessold": 1000000,
        "grossprofit": 499000000,
        "sellinggeneralandadministrativeexpense": 452000000,
        "interestexpense": 155000000,
        "othernonoperatingincomeexpense": 3000000,
        "incomelossincludingportionattributabletononcontrollinginterest": -105000000,
        "incometaxexpensebenefit": 0,
        "profitloss": -265000000,
        "netincomelossattributabletononcontrollinginterest": -47000000,
        "netincomeloss": -58000000,
        "earningspersharebasic": -0.5399999999999998,
        "earningspersharediluted": -0.5399999999999998,
        "weightedaveragenumberofsharesoutstandingbasic": 106000,
        "weightedaveragenumberofdilutedsharesoutstanding": 106000
    },
    {
        "date": "2023-03-30",
        "symbol": "CVNA",
        "period": "Q1",
        "revenuefromcontractwithcustomerexcludingassessedtax": 1000000,
        "costofgoodsandservicessold": 1000000,
        "grossprofit": 341000000,
        "sellinggeneralandadministrativeexpense": 472000000,
        "interestexpense": 159000000,
        "othernonoperatingincomeexpense": 2000000,
        "incomelossincludingportionattributabletononcontrollinginterest": -288000000,
        "incometaxexpensebenefit": -2000000,
        "profitloss": -126000000,
        "netincomelossattributabletononcontrollinginterest": -126000000,
        "netincomeloss": -160000000,
        "earningspersharebasic": -1.51,
        "earningspersharediluted": -1.51,
        "weightedaveragenumberofsharesoutstandingbasic": 106011000,
        "weightedaveragenumberofdilutedsharesoutstanding": 106011000
    },
    {
        "date": "2022-12-30",
        "symbol": "CVNA",
        "period": "Q4",
        "revenuefromcontractwithcustomerexcludingassessedtax": 10227000000,
        "costofgoodsandservicessold": 3000000,
        "grossprofit": 193000000,
        "sellinggeneralandadministrativeexpense": -2071000000,
        "interestexpense": 153000000,
        "othernonoperatingincomeexpense": -2000000,
        "incomelossincludingportionattributabletononcontrollinginterest": -1441000000,
        "profitloss": -1441000000,
        "netincomelossattributabletononcontrollinginterest": -635000000,
        "netincomeloss": -806000000,
        "earningspersharebasic": -7.860000000000001,
        "earningspersharediluted": -7.860000000000001,
        "weightedaveragenumberofsharesoutstandingbasic": 1694000,
        "weightedaveragenumberofdilutedsharesoutstanding": 1694000
    },
    {
        "date": "2022-09-29",
        "symbol": "CVNA",
        "period": "Q3",
        "revenuefromcontractwithcustomerexcludingassessedtax": 6000000,
        "costofgoodsandservicessold": 1000000,
        "grossprofit": 359000000,
        "sellinggeneralandadministrativeexpense": 656000000,
        "interestexpense": 153000000,
        "othernonoperatingincomeexpense": -58000000,
        "incomelossincludingportionattributabletononcontrollinginterest": -508000000,
        "profitloss": -1006000000,
        "netincomelossattributabletononcontrollinginterest": -225000000,
        "netincomeloss": -283000000,
        "earningspersharebasic": -2.6399999999999992,
        "earningspersharediluted": -2.6399999999999992,
        "weightedaveragenumberofsharesoutstandingbasic": -92411000,
        "weightedaveragenumberofdilutedsharesoutstanding": -92411000
    },
    {
        "date": "2022-06-29",
        "symbol": "CVNA",
        "period": "Q2",
        "revenuefromcontractwithcustomerexcludingassessedtax": 7000000,
        "costofgoodsandservicessold": 9000000,
        "grossprofit": 396000000,
        "sellinggeneralandadministrativeexpense": 721000000,
        "interestexpense": 116000000,
        "othernonoperatingincomeexpense": 3000000,
        "incomelossincludingportionattributabletononcontrollinginterest": -438000000,
        "incometaxexpensebenefit": 1000000,
        "profitloss": -201000000,
        "netincomelossattributabletononcontrollinginterest": -201000000,
        "netincomeloss": -238000000,
        "earningspersharebasic": -2.35,
        "earningspersharediluted": -2.35,
        "weightedaveragenumberofsharesoutstandingbasic": 101450000,
        "weightedaveragenumberofdilutedsharesoutstanding": 101450000
    },
    {
        "date": "2022-03-30",
        "symbol": "CVNA",
        "period": "Q1",
        "revenuefromcontractwithcustomerexcludingassessedtax": 14000000,
        "costofgoodsandservicessold": 9000000,
        "grossprofit": 298000000,
        "sellinggeneralandadministrativeexpense": 727000000,
        "interestexpense": 64000000,
        "othernonoperatingincomeexpense": -13000000,
        "incomelossincludingportionattributabletononcontrollinginterest": -506000000,
        "profitloss": -246000000,
        "netincomelossattributabletononcontrollinginterest": -246000000,
        "netincomeloss": -260000000,
        "earningspersharebasic": -2.89,
        "earningspersharediluted": -2.89,
        "weightedaveragenumberofsharesoutstandingbasic": 90095000,
        "weightedaveragenumberofdilutedsharesoutstanding": 90095000
    },
    {
        "date": "2021-12-30",
        "symbol": "CVNA",
        "period": "Q4",
        "revenuefromcontractwithcustomerexcludingassessedtax": 9814000000,
        "costofgoodsandservicessold": -1861000000,
        "grossprofit": 516000000,
        "sellinggeneralandadministrativeexpense": -1386000000,
        "interestexpense": 55000000,
        "othernonoperatingincomeexpense": -22000000,
        "incomelossincludingportionattributabletononcontrollinginterest": -181000000,
        "profitloss": -228000000,
        "netincomelossattributabletononcontrollinginterest": -93000000,
        "netincomeloss": -89000000,
        "earningspersharebasic": -1.06,
        "earningspersharediluted": -1.05,
        "weightedaveragenumberofsharesoutstandingbasic": -86372000,
        "weightedaveragenumberofdilutedsharesoutstanding": -180989000
    },
    {
        "date": "2021-09-29",
        "symbol": "CVNA",
        "period": "Q3",
        "revenuefromcontractwithcustomerexcludingassessedtax": 15000000,
        "costofgoodsandservicessold": 17000000,
        "grossprofit": 523000000,
        "sellinggeneralandadministrativeexpense": 546000000,
        "interestexpense": 48000000,
        "othernonoperatingincomeexpense": 3000000,
        "incomelossincludingportionattributabletononcontrollinginterest": -68000000,
        "profitloss": -36000000,
        "netincomelossattributabletononcontrollinginterest": -36000000,
        "netincomeloss": -32000000,
        "earningspersharebasic": -0.38,
        "earningspersharediluted": -0.38,
        "weightedaveragenumberofsharesoutstandingbasic": 84779000,
        "weightedaveragenumberofdilutedsharesoutstanding": 84779000
    },
    {
        "date": "2021-06-29",
        "symbol": "CVNA",
        "period": "Q2",
        "revenuefromcontractwithcustomerexcludingassessedtax": 16000000,
        "costofgoodsandservicessold": 2000000,
        "grossprofit": 552000000,
        "sellinggeneralandadministrativeexpense": 470000000,
        "interestexpense": 43000000,
        "othernonoperatingincomeexpense": 6000000,
        "incomelossincludingportionattributabletononcontrollinginterest": 45000000,
        "profitloss": 23000000,
        "netincomelossattributabletononcontrollinginterest": 23000000,
        "netincomeloss": 22000000,
        "earningspersharebasic": 0.27,
        "earningspersharediluted": 0.26,
        "weightedaveragenumberofsharesoutstandingbasic": 81398000,
        "weightedaveragenumberofdilutedsharesoutstanding": 176015000
    },
    {
        "date": "2021-03-30",
        "symbol": "CVNA",
        "period": "Q1",
        "revenuefromcontractwithcustomerexcludingassessedtax": 6000000,
        "costofgoodsandservicessold": 1907000000,
        "grossprofit": 338000000,
        "sellinggeneralandadministrativeexpense": 397000000,
        "interestexpense": 30000000,
        "othernonoperatingincomeexpense": 7000000,
        "incomelossincludingportionattributabletononcontrollinginterest": -82000000,
        "profitloss": -46000000,
        "netincomelossattributabletononcontrollinginterest": -46000000,
        "netincomeloss": -36000000,
        "earningspersharebasic": -0.46,
        "earningspersharediluted": -0.46,
        "weightedaveragenumberofsharesoutstandingbasic": 3000000,
        "weightedaveragenumberofdilutedsharesoutstanding": 3000000
    },
    {
        "date": "2020-12-30",
        "symbol": "CVNA",
        "period": "Q4",
        "revenuefromcontractwithcustomerexcludingassessedtax": 1495386000,
        "costofgoodsandservicessold": 858000,
        "grossprofit": 243864000,
        "sellinggeneralandadministrativeexpense": 4968000,
        "interestexpense": 0,
        "othernonoperatingincomeexpense": 6573000,
        "incomelossincludingportionattributabletononcontrollinginterest": -154712000,
        "profitloss": -154619000,
        "netincomelossattributabletononcontrollinginterest": -91281000,
        "netincomeloss": -63338000,
        "earningspersharebasicanddiluted": -0.7199999999999998,
        "weightedaveragenumberofshareoutstandingbasicanddiluted": -121750000
    },
    {
        "date": "2020-09-29",
        "symbol": "CVNA",
        "period": "Q3",
        "revenuefromcontractwithcustomerexcludingassessedtax": 1289128000,
        "costofgoodsandservicessold": 931000,
        "grossprofit": 261273000,
        "sellinggeneralandadministrativeexpense": 4712000,
        "interestexpense": 332000,
        "othernonoperatingincomeexpense": 9201000,
        "incomelossincludingportionattributabletononcontrollinginterest": -17644000,
        "incometaxexpensebenefit": 76000,
        "profitloss": -17720000,
        "netincomelossattributabletononcontrollinginterest": -10635000,
        "netincomeloss": -7085000,
        "earningspersharebasicanddiluted": -0.1,
        "weightedaveragenumberofshareoutstandingbasicanddiluted": 70005000
    },
    {
        "date": "2020-06-29",
        "symbol": "CVNA",
        "period": "Q2",
        "revenuefromcontractwithcustomerexcludingassessedtax": 991802000,
        "costofgoodsandservicessold": 891000,
        "grossprofit": 150206000,
        "sellinggeneralandadministrativeexpense": 4491000,
        "interestexpense": 333000,
        "othernonoperatingincomeexpense": 3079000,
        "incomelossincludingportionattributabletononcontrollinginterest": -106564000,
        "incometaxexpensebenefit": -238000,
        "profitloss": -106326000,
        "netincomelossattributabletononcontrollinginterest": -65496000,
        "netincomeloss": -40830000,
        "earningspersharebasicanddiluted": -0.62,
        "weightedaveragenumberofshareoutstandingbasicanddiluted": 66327000
    },
    {
        "date": "2020-03-30",
        "symbol": "CVNA",
        "period": "Q1",
        "revenuefromcontractwithcustomerexcludingassessedtax": 964279000,
        "costofgoodsandservicessold": 842000,
        "grossprofit": 138422000,
        "sellinggeneralandadministrativeexpense": 4426000,
        "interestexpense": 333000,
        "othernonoperatingincomeexpense": -17406000,
        "incomelossincludingportionattributabletononcontrollinginterest": -183557000,
        "profitloss": -183557000,
        "netincomelossattributabletononcontrollinginterest": -123670000,
        "netincomeloss": -59887000,
        "earningspersharebasicanddiluted": -1.19,
        "weightedaveragenumberofshareoutstandingbasicanddiluted": 50399000
    },
    {
        "date": "2019-12-30",
        "symbol": "CVNA",
        "period": "Q4",
        "grossprofit": 142546000,
        "sellinggeneralandadministrativeexpense": 3985000,
        "interestexpense": -14982000,
        "othernonoperatingincomeexpense": -1970000,
        "incomelossincludingportionattributabletononcontrollinginterest": -125740000,
        "profitloss": -125740000,
        "netincomelossattributabletononcontrollinginterest": -105257000,
        "netincomeloss": -20483000,
        "netincomelossavailabletocommonstockholdersbasic": -20483000,
        "earningspersharebasicanddiluted": -0.40000000000000036,
        "weightedaveragenumberofshareoutstandingbasicanddiluted": -90330000
    },
    {
        "date": "2019-09-29",
        "symbol": "CVNA",
        "period": "Q3",
        "revenuefromcontractwithcustomerexcludingassessedtax": 931016000,
        "costofgoodsandservicessold": 997000,
        "grossprofit": 137543000,
        "sellinggeneralandadministrativeexpense": 4264000,
        "interestexpense": 332000,
        "othernonoperatingincomeexpense": -827000,
        "incomelossincludingportionattributabletononcontrollinginterest": -92244000,
        "profitloss": -92244000,
        "netincomelossattributabletononcontrollinginterest": -53227000,
        "netincomeloss": -39017000,
        "netincomelossavailabletocommonstockholdersbasic": -39017000,
        "earningspersharebasicanddiluted": -0.78,
        "weightedaveragenumberofshareoutstandingbasicanddiluted": 49787000
    },
    {
        "date": "2019-06-29",
        "symbol": "CVNA",
        "period": "Q2",
        "revenuefromcontractwithcustomerexcludingassessedtax": 855785000,
        "costofgoodsandservicessold": 1217000,
        "grossprofit": 137793000,
        "sellinggeneralandadministrativeexpense": 2885000,
        "interestexpense": 333000,
        "othernonoperatingincomeexpense": -694000,
        "incomelossincludingportionattributabletononcontrollinginterest": -64059000,
        "profitloss": -64059000,
        "netincomelossattributabletononcontrollinginterest": -37449000,
        "netincomeloss": -26610000,
        "netincomelossavailabletocommonstockholdersbasic": -26610000,
        "earningspersharebasicanddiluted": -0.58,
        "weightedaveragenumberofshareoutstandingbasicanddiluted": 46038000
    },
    {
        "date": "2019-03-30",
        "symbol": "CVNA",
        "period": "Q1",
        "salesrevenueusedvehiclenet": 683829000,
        "salesrevenuewholesalenet": 33030000,
        "othersalesrevenuenet": 38375000,
        "salesrevenuenet": 755234000,
        "costofgoodssold": 1273000,
        "grossprofit": 88532000,
        "sellinggeneralandadministrativeexpense": 2735000,
        "interestexpense": 15648000,
        "othernonoperatingincomeexpense": -239000,
        "incomelossincludingportionattributabletononcontrollinginterest": -82596000,
        "profitloss": -82596000,
        "netincomelossattributabletononcontrollinginterest": -54047000,
        "netincomeloss": -28549000,
        "netincomelossavailabletocommonstockholdersbasic": -28549000,
        "earningspersharebasicanddiluted": -0.69,
        "weightedaveragenumberofshareoutstandingbasicanddiluted": 41352000,
        "revenuefromrelatedparties": 10573000,
        "interestexpenserelatedparty": 333000
    },
    {
        "date": "2018-12-30",
        "symbol": "CVNA",
        "period": "Q4",
        "salesrevenueusedvehiclenet": 526798000,
        "salesrevenuewholesalenet": 25389000,
        "othersalesrevenuenet": 32651000,
        "salesrevenuenet": 584838000,
        "costofgoodssold": 528704000,
        "grossprofit": 56134000,
        "sellinggeneralandadministrativeexpense": 130652000,
        "interestexpense": 11663000,
        "othernonoperatingincomeexpense": -223000,
        "incomelossincludingportionattributabletononcontrollinginterest": -86404000,
        "profitloss": -79361000,
        "netincomelossattributabletononcontrollinginterest": -57700000,
        "netincomeloss": -28704000,
        "preferredstockdividendsincomestatementimpact": 256000,
        "netincomelossavailabletocommonstockholdersbasic": -28960000,
        "earningspersharebasicanddiluted": -0.8100000000000003,
        "weightedaveragenumberofshareoutstandingbasicanddiluted": 3116000,
        "revenuefromrelatedparties": 9210000
    },
    {
        "date": "2018-09-29",
        "symbol": "CVNA",
        "period": "Q3",
        "salesrevenueusedvehiclenet": 486269000,
        "salesrevenuewholesalenet": 21440000,
        "othersalesrevenuenet": 27212000,
        "salesrevenuenet": 534921000,
        "costofgoodssold": 477615000,
        "grossprofit": 57306000,
        "sellinggeneralandadministrativeexpense": 115768000,
        "interestexpense": 5649000,
        "othernonoperatingincomeexpense": -308000,
        "incomelossincludingportionattributabletononcontrollinginterest": -64419000,
        "profitloss": -64419000,
        "netincomelossattributabletononcontrollinginterest": -222205000,
        "netincomeloss": -16042000,
        "preferredstockdividendsincomestatementimpact": 1230000,
        "netincomelossavailabletocommonstockholdersbasic": -17272000,
        "earningspersharebasicanddiluted": -0.51,
        "weightedaveragenumberofshareoutstandingbasicanddiluted": 3864000,
        "revenuefromrelatedparties": 6696000
    },
    {
        "date": "2018-06-29",
        "symbol": "CVNA",
        "period": "Q2",
        "salesrevenueusedvehiclenet": 437922000,
        "salesrevenuewholesalenet": 16622000,
        "othersalesrevenuenet": 20742000,
        "salesrevenuenet": 475286000,
        "costofgoodssold": 426251000,
        "grossprofit": 49035000,
        "sellinggeneralandadministrativeexpense": 95652000,
        "interestexpense": 4165000,
        "othernonoperatingincomeexpense": -468000,
        "incomelossincludingportionattributabletononcontrollinginterest": -51250000,
        "profitloss": -58293000,
        "netincomelossattributabletononcontrollinginterest": 132543000,
        "netincomeloss": -9965000,
        "preferredstockdividendsincomestatementimpact": 1375000,
        "equityinstrumentconvertiblebeneficialconversionfeatureaccretion": 0,
        "netincomelossavailabletocommonstockholdersbasic": -11340000,
        "earningspersharebasicanddiluted": -0.39,
        "weightedaveragenumberofshareoutstandingbasicanddiluted": 4717000,
        "revenuefromrelatedparties": 5555000
    },
    {
        "date": "2018-03-30",
        "symbol": "CVNA",
        "period": "Q1",
        "salesrevenueusedvehiclenet": 334056000,
        "salesrevenuewholesalenet": 10133000,
        "othersalesrevenuenet": 16233000,
        "salesrevenuenet": 360422000,
        "costofgoodssold": 326188000,
        "grossprofit": 34234000,
        "sellinggeneralandadministrativeexpense": 83186000,
        "interestexpense": 3541000,
        "othernonoperatingincomeexpense": -179000,
        "incomelossincludingportionattributabletononcontrollinginterest": -52672000,
        "profitloss": -52672000,
        "netincomelossattributabletononcontrollinginterest": -45629000,
        "netincomeloss": -7043000,
        "preferredstockdividendsincomestatementimpact": 1345000,
        "equityinstrumentconvertiblebeneficialconversionfeatureaccretion": -1400000,
        "netincomelossavailabletocommonstockholdersbasic": -9768000,
        "earningspersharebasicanddiluted": -0.53,
        "weightedaveragenumberofshareoutstandingbasicanddiluted": 18346000,
        "revenuefromrelatedparties": 4111000
    },
    {
        "date": "2017-09-29",
        "symbol": "CVNA",
        "period": "Q3",
        "salesrevenueusedvehiclenet": 208113000,
        "salesrevenuewholesalenet": 7459000,
        "othersalesrevenuenet": 9807000,
        "salesrevenuenet": 225379000,
        "costofgoodssold": 204963000,
        "grossprofit": 20416000,
        "sellinggeneralandadministrativeexpense": 58676000,
        "interestexpense": 838000,
        "othernonoperatingincomeexpense": -671000,
        "netincomeloss": -4380000,
        "earningspersharebasicanddiluted": -0.13999999999999996,
        "weightedaveragenumberofshareoutstandingbasicanddiluted": -103288000,
        "revenuefromrelatedparties": 2442000,
        "interestexpenserelatedparty": 0
    },
    {
        "date": "2017-06-29",
        "symbol": "CVNA",
        "period": "Q2",
        "salesrevenueusedvehiclenet": 193947000,
        "salesrevenuewholesalenet": 7818000,
        "othersalesrevenuenet": 7600000,
        "salesrevenuenet": 209365000,
        "costofgoodssold": 193326000,
        "grossprofit": 16039000,
        "sellinggeneralandadministrativeexpense": 52011000,
        "interestexpense": 2507000,
        "othernonoperatingincomeexpense": -391000,
        "incomelossincludingportionattributabletononcontrollinginterest": -38870000,
        "profitloss": -38870000,
        "netincomelossattributabletononcontrollinginterest": -24328000,
        "netincomeloss": -14542000,
        "earningspersharebasicanddiluted": -0.28,
        "weightedaveragenumberofshareoutstandingbasicanddiluted": 15026000,
        "revenuefromrelatedparties": 1900000,
        "interestexpenserelatedparty": 1241000
    },
    {
        "date": "2017-03-30",
        "symbol": "CVNA",
        "period": "Q1",
        "salesrevenueusedvehiclenet": 148382000,
        "salesrevenuewholesalenet": 5726000,
        "othersalesrevenuenet": 4965000,
        "salesrevenuenet": 159073000,
        "costofgoodssold": 149327000,
        "grossprofit": 9746000,
        "sellinggeneralandadministrativeexpense": 45908000,
        "interestexpense": 2059000,
        "othernonoperatingincomeexpense": -218000,
        "netincomeloss": -38439000,
        "netincomelossavailabletocommonstockholdersbasic": -45700000,
        "netincomelossavailabletocommonstockholdersdiluted": -45700000,
        "earningspersharebasicanddiluted": -0.44,
        "weightedaveragenumberofshareoutstandingbasicanddiluted": 103286000,
        "revenuefromrelatedparties": 1758000,
        "interestexpenserelatedparty": 141000
    }
]