[
    {
        "date": "2024-09-29",
        "symbol": "PKG",
        "period": "Q3",
        "revenuefromcontractwithcustomerexcludingassessedtax": 2182400000,
        "costofgoodsandservicessold": 1677200000,
        "grossprofit": 505200000,
        "sellinggeneralandadministrativeexpense": 162000000,
        "operatingcostsandexpenses": 16100000,
        "operatingincomeloss": 327100000,
        "netperiodicdefinedbenefitsexpensereversalofexpenseexcludingservicecostcomponent": -1200000,
        "interestincomeexpensenet": -9700000,
        "incomelossfromcontinuingoperationsbeforeincometaxesextraordinaryitemsnoncontrollinginterest": 318600000,
        "incometaxexpensebenefit": -400000,
        "netincomeloss": -1000000,
        "earningspersharebasic": 2.65,
        "earningspersharediluted": 2.64,
        "commonstockdividendspersharedeclared": 1.25,
        "othercomprehensiveincomeunrealizedholdinggainlossonsecuritiesarisingduringperiodnetoftax": 1000000,
        "othercomprehensiveincomelossreclassificationadjustmentfromaocipensionandotherpostretirementbenefitplansnetoftax": 1000000,
        "othercomprehensiveincomelossnetoftaxportionattributabletoparent": 2000000,
        "comprehensiveincomenetoftax": 240100000,
        "othercomprehensiveincomeunrealizedholdinggainlossonsecuritiesarisingduringperiodtax": -300000,
        "othercomprehensiveincomeamortizationofdefinedbenefitplannetpriorservicecostandnetlossrecognizedinnetperiodicpensioncosttax": -400000
    },
    {
        "date": "2024-03-30",
        "symbol": "PKG",
        "period": "Q1",
        "revenuefromcontractwithcustomerexcludingassessedtax": 1979500000,
        "costofgoodsandservicessold": 1609100000,
        "grossprofit": 370400000,
        "sellinggeneralandadministrativeexpense": 151900000,
        "operatingcostsandexpenses": 22500000,
        "operatingincomeloss": 196000000,
        "netperiodicdefinedbenefitsexpensereversalofexpenseexcludingservicecostcomponent": -1100000,
        "interestincomeexpensenet": -9600000,
        "incomelossfromcontinuingoperationsbeforeincometaxesextraordinaryitemsnoncontrollinginterest": 187500000,
        "incometaxexpensebenefit": 40600000,
        "netincomeloss": 146900000,
        "earningspersharebasic": 1.64,
        "earningspersharediluted": 1.63,
        "commonstockdividendspersharedeclared": 1.25,
        "othercomprehensiveincomeunrealizedholdinggainlossonsecuritiesarisingduringperiodnetoftax": -100000,
        "othercomprehensiveincomelossreclassificationadjustmentfromaocipensionandotherpostretirementbenefitplansnetoftax": 1000000,
        "othercomprehensiveincomelossnetoftaxportionattributabletoparent": 900000,
        "comprehensiveincomenetoftax": 147800000,
        "othercomprehensiveincomeamortizationofdefinedbenefitplannetpriorservicecostandnetlossrecognizedinnetperiodicpensioncosttax": -400000
    },
    {
        "date": "2023-12-30",
        "symbol": "PKG",
        "period": "Q4",
        "revenuefromcontractwithcustomerexcludingassessedtax": 1938000000,
        "costofgoodsandservicessold": 1527900000,
        "grossprofit": 410100000,
        "sellinggeneralandadministrativeexpense": 142800000,
        "operatingcostsandexpenses": 5800000,
        "operatingincomeloss": 261500000,
        "netperiodicdefinedbenefitsexpensereversalofexpenseexcludingservicecostcomponent": 1900000,
        "interestincomeexpensenet": -11100000,
        "incomelossfromcontinuingoperationsbeforeincometaxesextraordinaryitemsnoncontrollinginterest": 248500000,
        "incometaxexpensebenefit": 59300000,
        "netincomeloss": 189200000,
        "earningspersharebasic": 2.1099999999999994,
        "earningspersharediluted": 2.100000000000001,
        "commonstockdividendspersharedeclared": 1.25,
        "othercomprehensiveincomelossreclassificationadjustmentfromaocipensionandotherpostretirementbenefitplansnetoftax": 1600000,
        "othercomprehensiveincomelossnetoftaxportionattributabletoparent": 25800000,
        "comprehensiveincomenetoftax": 215000000,
        "othercomprehensiveincomeamortizationofdefinedbenefitplannetpriorservicecostandnetlossrecognizedinnetperiodicpensioncosttax": -500000
    },
    {
        "date": "2023-09-29",
        "symbol": "PKG",
        "period": "Q3",
        "revenuefromcontractwithcustomerexcludingassessedtax": 1936000000,
        "costofgoodsandservicessold": 1523300000,
        "grossprofit": 412700000,
        "sellinggeneralandadministrativeexpense": 144200000,
        "operatingcostsandexpenses": 9900000,
        "operatingincomeloss": 258600000,
        "netperiodicdefinedbenefitsexpensereversalofexpenseexcludingservicecostcomponent": 1800000,
        "interestincomeexpensenet": -12300000,
        "incomelossfromcontinuingoperationsbeforeincometaxesextraordinaryitemsnoncontrollinginterest": 244500000,
        "incometaxexpensebenefit": 61300000,
        "netincomeloss": 183200000,
        "earningspersharebasic": 2.04,
        "earningspersharediluted": 2.03,
        "commonstockdividendspersharedeclared": 1.25,
        "othercomprehensiveincomeunrealizedholdinggainlossonsecuritiesarisingduringperiodnetoftax": 400000,
        "othercomprehensiveincomelossreclassificationadjustmentfromaocipensionandotherpostretirementbenefitplansnetoftax": 1600000,
        "othercomprehensiveincomelossnetoftaxportionattributabletoparent": 2000000,
        "comprehensiveincomenetoftax": 185200000,
        "othercomprehensiveincomeunrealizedholdinggainlossonsecuritiesarisingduringperiodtax": -100000,
        "othercomprehensiveincomeamortizationofdefinedbenefitplannetpriorservicecostandnetlossrecognizedinnetperiodicpensioncosttax": -500000
    },
    {
        "date": "2023-06-29",
        "symbol": "PKG",
        "period": "Q2",
        "revenuefromcontractwithcustomerexcludingassessedtax": 1952100000,
        "costofgoodsandservicessold": 1507400000,
        "grossprofit": 444700000,
        "sellinggeneralandadministrativeexpense": 145700000,
        "operatingcostsandexpenses": 14700000,
        "operatingincomeloss": 284300000,
        "netperiodicdefinedbenefitsexpensereversalofexpenseexcludingservicecostcomponent": 2000000,
        "interestincomeexpensenet": -14500000,
        "incomelossfromcontinuingoperationsbeforeincometaxesextraordinaryitemsnoncontrollinginterest": 267800000,
        "incometaxexpensebenefit": 65100000,
        "netincomeloss": 202700000,
        "earningspersharebasic": 2.25,
        "earningspersharediluted": 2.2399999999999998,
        "commonstockdividendspersharedeclared": 1.25,
        "othercomprehensiveincomeunrealizedholdinggainlossonsecuritiesarisingduringperiodnetoftax": 0,
        "othercomprehensiveincomelossreclassificationadjustmentfromaocipensionandotherpostretirementbenefitplansnetoftax": 1600000,
        "othercomprehensiveincomelossnetoftaxportionattributabletoparent": 1600000,
        "comprehensiveincomenetoftax": 204300000,
        "othercomprehensiveincomeunrealizedholdinggainlossonsecuritiesarisingduringperiodtax": 0,
        "othercomprehensiveincomeamortizationofdefinedbenefitplannetpriorservicecostandnetlossrecognizedinnetperiodicpensioncosttax": -500000
    },
    {
        "date": "2023-03-30",
        "symbol": "PKG",
        "period": "Q1",
        "revenuefromcontractwithcustomerexcludingassessedtax": 1976300000,
        "costofgoodsandservicessold": 1544900000,
        "grossprofit": 431400000,
        "sellinggeneralandadministrativeexpense": 148200000,
        "operatingcostsandexpenses": 12500000,
        "operatingincomeloss": 270700000,
        "netperiodicdefinedbenefitsexpensereversalofexpenseexcludingservicecostcomponent": 2000000,
        "interestincomeexpensenet": -15400000,
        "incomelossfromcontinuingoperationsbeforeincometaxesextraordinaryitemsnoncontrollinginterest": 253300000,
        "incometaxexpensebenefit": 63200000,
        "netincomeloss": 190100000,
        "earningspersharebasic": 2.12,
        "earningspersharediluted": 2.11,
        "commonstockdividendspersharedeclared": 1.25,
        "othercomprehensiveincomeunrealizedholdinggainlossonsecuritiesarisingduringperiodnetoftax": 500000,
        "othercomprehensiveincomelossreclassificationadjustmentfromaocipensionandotherpostretirementbenefitplansnetoftax": 1600000,
        "othercomprehensiveincomelossnetoftaxportionattributabletoparent": 2100000,
        "comprehensiveincomenetoftax": 192200000,
        "othercomprehensiveincomeunrealizedholdinggainlossonsecuritiesarisingduringperiodtax": -200000,
        "othercomprehensiveincomeamortizationofdefinedbenefitplannetpriorservicecostandnetlossrecognizedinnetperiodicpensioncosttax": -600000
    },
    {
        "date": "2022-12-30",
        "symbol": "PKG",
        "period": "Q4",
        "revenuefromcontractwithcustomerexcludingassessedtax": 1978400000,
        "costofgoodsandservicessold": 1528200000,
        "grossprofit": 450200000,
        "sellinggeneralandadministrativeexpense": 145600000,
        "operatingcostsandexpenses": 16500000,
        "operatingincomeloss": 288100000,
        "netperiodicdefinedbenefitsexpensereversalofexpenseexcludingservicecostcomponent": -3700000,
        "interestincomeexpensenet": -15300000,
        "incomelossfromcontinuingoperationsbeforeincometaxesextraordinaryitemsnoncontrollinginterest": 276500000,
        "incometaxexpensebenefit": 64900000,
        "netincomeloss": 211600000,
        "earningspersharebasic": 2.339999999999999,
        "earningspersharediluted": 2.33,
        "commonstockdividendspersharedeclared": 1.25,
        "othercomprehensiveincomeunrealizedholdinggainlossonsecuritiesarisingduringperiodnetoftax": 400000,
        "othercomprehensiveincomelossreclassificationadjustmentfromaocipensionandotherpostretirementbenefitplansnetoftax": 1200000,
        "comprehensiveincomenetoftax": 183000000,
        "othercomprehensiveincomeunrealizedholdinggainlossonsecuritiesarisingduringperiodtax": -200000,
        "othercomprehensiveincomeamortizationofdefinedbenefitplannetpriorservicecostandnetlossrecognizedinnetperiodicpensioncosttax": -1000000
    },
    {
        "date": "2022-09-29",
        "symbol": "PKG",
        "period": "Q3",
        "revenuefromcontractwithcustomerexcludingassessedtax": 2125900000,
        "costofgoodsandservicessold": 1607500000,
        "grossprofit": 518400000,
        "sellinggeneralandadministrativeexpense": 145200000,
        "operatingcostsandexpenses": 12900000,
        "operatingincomeloss": 360300000,
        "netperiodicdefinedbenefitsexpensereversalofexpenseexcludingservicecostcomponent": -3600000,
        "interestincomeexpensenet": -16500000,
        "incomelossfromcontinuingoperationsbeforeincometaxesextraordinaryitemsnoncontrollinginterest": 347400000,
        "incometaxexpensebenefit": 84900000,
        "netincomeloss": 262500000,
        "earningspersharebasic": 2.81,
        "earningspersharediluted": 2.8,
        "commonstockdividendspersharedeclared": 1.25,
        "othercomprehensiveincomeunrealizedholdinggainlossonsecuritiesarisingduringperiodnetoftax": -600000,
        "othercomprehensiveincomelossreclassificationadjustmentfromaocipensionandotherpostretirementbenefitplansnetoftax": 1200000,
        "othercomprehensiveincomelossnetoftaxportionattributabletoparent": 600000,
        "comprehensiveincomenetoftax": 263100000,
        "othercomprehensiveincomeunrealizedholdinggainlossonsecuritiesarisingduringperiodtax": 200000,
        "othercomprehensiveincomeamortizationofdefinedbenefitplannetpriorservicecostandnetlossrecognizedinnetperiodicpensioncosttax": -400000
    },
    {
        "date": "2022-06-29",
        "symbol": "PKG",
        "period": "Q2",
        "revenuefromcontractwithcustomerexcludingassessedtax": 2237300000,
        "costofgoodsandservicessold": 1648500000,
        "grossprofit": 588800000,
        "sellinggeneralandadministrativeexpense": 156700000,
        "operatingcostsandexpenses": 16300000,
        "operatingincomeloss": 415800000,
        "netperiodicdefinedbenefitsexpensereversalofexpenseexcludingservicecostcomponent": -3600000,
        "interestincomeexpensenet": -18800000,
        "incomelossfromcontinuingoperationsbeforeincometaxesextraordinaryitemsnoncontrollinginterest": 400600000,
        "incometaxexpensebenefit": 99100000,
        "netincomeloss": 301500000,
        "earningspersharebasic": 3.22,
        "earningspersharediluted": 3.2,
        "commonstockdividendspersharedeclared": 1.25,
        "othercomprehensiveincomeunrealizedholdinggainlossonsecuritiesarisingduringperiodnetoftax": -300000,
        "othercomprehensiveincomelossreclassificationadjustmentfromaocipensionandotherpostretirementbenefitplansnetoftax": 1100000,
        "othercomprehensiveincomelossnetoftaxportionattributabletoparent": 800000,
        "comprehensiveincomenetoftax": 302300000,
        "othercomprehensiveincomeunrealizedholdinggainlossonsecuritiesarisingduringperiodtax": 100000,
        "othercomprehensiveincomeamortizationofdefinedbenefitplannetpriorservicecostandnetlossrecognizedinnetperiodicpensioncosttax": -400000
    },
    {
        "date": "2022-03-30",
        "symbol": "PKG",
        "period": "Q1",
        "revenuefromcontractwithcustomerexcludingassessedtax": 2136400000,
        "costofgoodsandservicessold": 1603200000,
        "grossprofit": 533200000,
        "sellinggeneralandadministrativeexpense": 161100000,
        "operatingcostsandexpenses": 15600000,
        "operatingincomeloss": 356500000,
        "netperiodicdefinedbenefitsexpensereversalofexpenseexcludingservicecostcomponent": -3600000,
        "interestincomeexpensenet": -19800000,
        "incomelossfromcontinuingoperationsbeforeincometaxesextraordinaryitemsnoncontrollinginterest": 340300000,
        "incometaxexpensebenefit": 86100000,
        "netincomeloss": 254200000,
        "earningspersharebasic": 2.71,
        "earningspersharediluted": 2.7,
        "commonstockdividendspersharedeclared": 1,
        "othercomprehensiveincomeunrealizedholdinggainlossonsecuritiesarisingduringperiodnetoftax": -1200000,
        "othercomprehensiveincomelossreclassificationadjustmentfromaocipensionandotherpostretirementbenefitplansnetoftax": 1200000,
        "comprehensiveincomenetoftax": 254200000,
        "othercomprehensiveincomeunrealizedholdinggainlossonsecuritiesarisingduringperiodtax": 400000,
        "othercomprehensiveincomeamortizationofdefinedbenefitplannetpriorservicecostandnetlossrecognizedinnetperiodicpensioncosttax": 300000
    },
    {
        "date": "2021-06-29",
        "symbol": "PKG",
        "period": "Q2",
        "revenuefromcontractwithcustomerexcludingassessedtax": 1879800000,
        "costofgoodsandservicessold": 1431000000,
        "grossprofit": 448800000,
        "sellinggeneralandadministrativeexpense": 146300000,
        "operatingcostsandexpenses": 7900000,
        "operatingincomeloss": 294600000,
        "netperiodicdefinedbenefitsexpensereversalofexpenseexcludingservicecostcomponent": -5000000,
        "interestincomeexpensenet": -24900000,
        "incomelossfromcontinuingoperationsbeforeincometaxesextraordinaryitemsnoncontrollinginterest": 274700000,
        "incometaxexpensebenefit": 67400000,
        "netincomeloss": 207300000,
        "earningspersharebasic": 2.19,
        "earningspersharediluted": 2.17,
        "commonstockdividendspersharedeclared": 1,
        "othercomprehensiveincomeunrealizedholdinggainlossonsecuritiesarisingduringperiodnetoftax": -100000,
        "othercomprehensiveincomelossreclassificationadjustmentfromaocipensionandotherpostretirementbenefitplansnetoftax": 2500000,
        "othercomprehensiveincomelossnetoftaxportionattributabletoparent": 2400000,
        "comprehensiveincomenetoftax": 209700000,
        "othercomprehensiveincomeamortizationofdefinedbenefitplannetpriorservicecostandnetlossrecognizedinnetperiodicpensioncosttax": 900000
    },
    {
        "date": "2021-03-30",
        "symbol": "PKG",
        "period": "Q1",
        "revenuefromcontractwithcustomerexcludingassessedtax": 1807200000,
        "costofgoodsandservicessold": 1403500000,
        "grossprofit": 403700000,
        "sellinggeneralandadministrativeexpense": 145000000,
        "operatingcostsandexpenses": 20400000,
        "operatingincomeloss": 238300000,
        "netperiodicdefinedbenefitsexpensereversalofexpenseexcludingservicecostcomponent": -4800000,
        "interestincomeexpensenet": -23500000,
        "incomelossfromcontinuingoperationsbeforeincometaxesextraordinaryitemsnoncontrollinginterest": 219600000,
        "incometaxexpensebenefit": 53100000,
        "netincomeloss": 166500000,
        "earningspersharebasic": 1.75,
        "earningspersharediluted": 1.75,
        "commonstockdividendspersharedeclared": 1,
        "othercomprehensiveincomeunrealizedholdinggainlossonsecuritiesarisingduringperiodnetoftax": -100000,
        "othercomprehensiveincomelossreclassificationadjustmentfromaocipensionandotherpostretirementbenefitplansnetoftax": 2500000,
        "othercomprehensiveincomelossnetoftaxportionattributabletoparent": 2400000,
        "comprehensiveincomenetoftax": 168900000,
        "othercomprehensiveincomeamortizationofdefinedbenefitplannetpriorservicecostandnetlossrecognizedinnetperiodicpensioncosttax": 800000
    },
    {
        "date": "2020-06-29",
        "symbol": "PKG",
        "period": "Q2",
        "revenuefromcontractwithcustomerexcludingassessedtax": 1541600000,
        "costofgoodsandservicessold": 1215800000,
        "grossprofit": 325800000,
        "sellinggeneralandadministrativeexpense": 136300000,
        "goodwillimpairmentloss": 55200000,
        "operatingcostsandexpenses": 18200000,
        "operatingincomeloss": 116100000,
        "netperiodicdefinedbenefitsexpensereversalofexpenseexcludingservicecostcomponent": -600000,
        "interestincomeexpensenet": -25100000,
        "incomelossfromcontinuingoperationsbeforeincometaxesextraordinaryitemsnoncontrollinginterest": 91600000,
        "incometaxexpensebenefit": 34900000,
        "netincomeloss": 56700000,
        "earningspersharebasic": 0.6,
        "earningspersharediluted": 0.59,
        "commonstockdividendspersharedeclared": 0.79,
        "othercomprehensiveincomeunrealizedholdinggainlossonsecuritiesarisingduringperiodnetoftax": 900000,
        "othercomprehensiveincomelossreclassificationadjustmentfromaocipensionandotherpostretirementbenefitplansnetoftax": 2700000,
        "othercomprehensiveincomelossnetoftaxportionattributabletoparent": 3600000,
        "comprehensiveincomenetoftax": 60300000,
        "othercomprehensiveincomeunrealizedholdinggainlossonsecuritiesarisingduringperiodtax": 300000,
        "othercomprehensiveincomeamortizationofdefinedbenefitplannetpriorservicecostandnetlossrecognizedinnetperiodicpensioncosttax": 900000
    },
    {
        "date": "2020-03-30",
        "symbol": "PKG",
        "period": "Q1",
        "revenuefromcontractwithcustomerexcludingassessedtax": 1708700000,
        "costofgoodsandservicessold": 1343700000,
        "grossprofit": 365000000,
        "sellinggeneralandadministrativeexpense": 145900000,
        "operatingcostsandexpenses": 10000000,
        "operatingincomeloss": -23200000,
        "netperiodicdefinedbenefitsexpensereversalofexpenseexcludingservicecostcomponent": -600000,
        "interestincomeexpensenet": -19600000,
        "incomelossfromcontinuingoperationsbeforeincometaxesextraordinaryitemsnoncontrollinginterest": -3600000,
        "incometaxexpensebenefit": -900000,
        "netincomeloss": -2700000,
        "earningspersharebasic": 1.5,
        "earningspersharediluted": 1.49,
        "commonstockdividendspersharedeclared": 0.79,
        "othercomprehensiveincomeunrealizedholdinggainlossonsecuritiesarisingduringperiodnetoftax": -200000,
        "othercomprehensiveincomelossreclassificationadjustmentfromaocipensionandotherpostretirementbenefitplansnetoftax": 2700000,
        "othercomprehensiveincomelossnetoftaxportionattributabletoparent": 2500000,
        "comprehensiveincomenetoftax": 2500000,
        "othercomprehensiveincomeunrealizedholdinggainlossonsecuritiesarisingduringperiodtax": 100000,
        "othercomprehensiveincomeamortizationofdefinedbenefitplannetpriorservicecostandnetlossrecognizedinnetperiodicpensioncosttax": 900000
    },
    {
        "date": "2019-12-30",
        "symbol": "PKG",
        "period": "Q4",
        "revenuefromcontractwithcustomerexcludingassessedtax": 3494000000,
        "costofgoodsandservicessold": 1336700000,
        "grossprofit": 383300000,
        "sellinggeneralandadministrativeexpense": 137000000,
        "operatingcostsandexpenses": 11200000,
        "operatingincomeloss": 530300000,
        "netperiodicdefinedbenefitsexpensereversalofexpenseexcludingservicecostcomponent": 2000000,
        "interestincomeexpensenet": -60700000,
        "incomelossfromcontinuingoperationsbeforeincometaxesextraordinaryitemsnoncontrollinginterest": 424800000,
        "incometaxexpensebenefit": 99500000,
        "netincomeloss": 325300000,
        "earningspersharebasic": 1.430000000000001,
        "earningspersharediluted": 1.4400000000000002,
        "commonstockdividendspersharedeclared": 0.79,
        "othercomprehensiveincomelosscashflowhedgegainlossreclassificationaftertax": -7200000,
        "othercomprehensiveincomelossreclassificationadjustmentfromaocipensionandotherpostretirementbenefitplansnetoftax": 2600000,
        "othercomprehensiveincomelossnetoftaxportionattributabletoparent": -30700000,
        "comprehensiveincomenetoftax": 292300000
    },
    {
        "date": "2019-09-29",
        "symbol": "PKG",
        "period": "Q3",
        "revenuefromcontractwithcustomerexcludingassessedtax": 1750700000,
        "costofgoodsandservicessold": 1339300000,
        "grossprofit": 411400000,
        "sellinggeneralandadministrativeexpense": 136900000,
        "operatingcostsandexpenses": 11700000,
        "operatingincomeloss": 262800000,
        "netperiodicdefinedbenefitsexpensereversalofexpenseexcludingservicecostcomponent": 1900000,
        "interestincomeexpensenet": -21600000,
        "incomelossfromcontinuingoperationsbeforeincometaxesextraordinaryitemsnoncontrollinginterest": 239300000,
        "incometaxexpensebenefit": 59500000,
        "netincomeloss": 179800000,
        "earningspersharebasic": 1.9,
        "earningspersharediluted": 1.89,
        "commonstockdividendspersharedeclared": 0.79,
        "othercomprehensiveincomelosscashflowhedgegainlossreclassificationaftertax": -1000000,
        "othercomprehensiveincomelossreclassificationadjustmentfromaocipensionandotherpostretirementbenefitplansnetoftax": 2400000,
        "othercomprehensiveincomelossnetoftaxportionattributabletoparent": 3400000,
        "comprehensiveincomenetoftax": 183200000,
        "othercomprehensiveincomelosscashflowhedgegainlossreclassificationtax": -300000,
        "othercomprehensiveincomeamortizationofdefinedbenefitplannetpriorservicecostandnetlossrecognizedinnetperiodicpensioncosttax": 800000
    },
    {
        "date": "2019-06-29",
        "symbol": "PKG",
        "period": "Q2",
        "revenuefromcontractwithcustomerexcludingassessedtax": 1759900000,
        "costofgoodsandservicessold": 1332000000,
        "grossprofit": 427900000,
        "sellinggeneralandadministrativeexpense": 143700000,
        "operatingcostsandexpenses": 3800000,
        "operatingincomeloss": 280400000,
        "netperiodicdefinedbenefitsexpensereversalofexpenseexcludingservicecostcomponent": 2000000,
        "interestincomeexpensenet": -22400000,
        "incomelossfromcontinuingoperationsbeforeincometaxesextraordinaryitemsnoncontrollinginterest": 256000000,
        "incometaxexpensebenefit": 62400000,
        "netincomeloss": 193600000,
        "earningspersharebasic": 2.05,
        "earningspersharediluted": 2.04,
        "commonstockdividendspersharedeclared": 0.79,
        "othercomprehensiveincomelosscashflowhedgegainlossreclassificationaftertax": -1000000,
        "othercomprehensiveincomelossreclassificationadjustmentfromaocipensionandotherpostretirementbenefitplansnetoftax": 2300000,
        "othercomprehensiveincomelossnetoftaxportionattributabletoparent": 3300000,
        "comprehensiveincomenetoftax": 196900000
    },
    {
        "date": "2019-03-30",
        "symbol": "PKG",
        "period": "Q1",
        "revenuefromcontractwithcustomerexcludingassessedtax": -40300000,
        "costofgoodsandservicessold": 1312300000,
        "grossprofit": 421400000,
        "sellinggeneralandadministrativeexpense": 140000000,
        "operatingcostsandexpenses": 6000000,
        "operatingincomeloss": -19800000,
        "netperiodicdefinedbenefitsexpensereversalofexpenseexcludingservicecostcomponent": 2000000,
        "interestincomeexpensenet": -24100000,
        "incomelossfromcontinuingoperationsbeforeincometaxesextraordinaryitemsnoncontrollinginterest": -3100000,
        "incometaxexpensebenefit": -800000,
        "netincomeloss": -2300000,
        "earningspersharebasic": 1.98,
        "earningspersharediluted": 1.97,
        "commonstockdividendspersharedeclared": 0.79,
        "othercomprehensiveincomelosscashflowhedgegainlossreclassificationaftertax": -1000000,
        "othercomprehensiveincomelossreclassificationadjustmentfromaocipensionandotherpostretirementbenefitplansnetoftax": 2300000,
        "othercomprehensiveincomelossnetoftaxportionattributabletoparent": 3300000,
        "comprehensiveincomenetoftax": 3300000,
        "othercomprehensiveincomelosscashflowhedgegainlossreclassificationtax": -300000,
        "othercomprehensiveincomeamortizationofdefinedbenefitplannetpriorservicecostandnetlossrecognizedinnetperiodicpensioncosttax": 800000
    },
    {
        "date": "2018-12-30",
        "symbol": "PKG",
        "period": "Q4",
        "grossprofit": 425400000,
        "sellinggeneralandadministrativeexpense": 129700000,
        "operatingcostsandexpenses": 9000000,
        "operatingincomeloss": -18400000,
        "interestincomeexpenseandothernonoperatingnet": -22200000,
        "incomelossfromcontinuingoperationsbeforeincometaxesextraordinaryitemsnoncontrollinginterest": -3900000,
        "incometaxexpensebenefit": -1000000,
        "earningspersharebasic": 2.17,
        "earningspersharediluted": 2.16,
        "commonstockdividendspersharedeclared": 0.7899999999999999,
        "othercomprehensiveincomelossreclassificationadjustmentfromaocipensionandotherpostretirementbenefitplansnetoftax": 2900000,
        "comprehensiveincomenetoftax": -527100000,
        "othercomprehensiveincomeamortizationofdefinedbenefitplannetpriorservicecostandnetlossrecognizedinnetperiodicpensioncosttax": 1000000
    },
    {
        "date": "2018-09-29",
        "symbol": "PKG",
        "period": "Q3",
        "grossprofit": 443200000,
        "sellinggeneralandadministrativeexpense": 134100000,
        "operatingcostsandexpenses": 10600000,
        "operatingincomeloss": -18100000,
        "interestincomeexpenseandothernonoperatingnet": -24300000,
        "incomelossfromcontinuingoperationsbeforeincometaxesextraordinaryitemsnoncontrollinginterest": -4000000,
        "incometaxexpensebenefit": -1100000,
        "earningspersharebasic": 2.1900000000000004,
        "earningspersharediluted": 2.1799999999999997,
        "commonstockdividendspersharedeclared": 0.7899999999999999,
        "othercomprehensiveincomelossreclassificationadjustmentfromaocionderivativesnetoftax": -1000000,
        "othercomprehensiveincomelossreclassificationadjustmentfromaocipensionandotherpostretirementbenefitplansnetoftax": 2900000,
        "othercomprehensiveincomelossnetoftax": 3900000,
        "comprehensiveincomenetoftax": 210600000,
        "othercomprehensiveincomelossreclassificationadjustmentfromaocionderivativestax": -300000,
        "othercomprehensiveincomeamortizationofdefinedbenefitplannetpriorservicecostandnetlossrecognizedinnetperiodicpensioncosttax": 1100000
    },
    {
        "date": "2018-06-29",
        "symbol": "PKG",
        "period": "Q2",
        "salesrevenuenet": -40100000,
        "costofgoodssold": 6900000,
        "grossprofit": 420600000,
        "sellinggeneralandadministrativeexpense": 137700000,
        "operatingcostsandexpenses": 13300000,
        "operatingincomeloss": -19900000,
        "interestincomeexpenseandothernonoperatingnet": -24400000,
        "incomelossfromcontinuingoperationsbeforeincometaxesextraordinaryitemsnoncontrollinginterest": -3900000,
        "incometaxexpensebenefit": -900000,
        "profitloss": 186600000,
        "earningspersharebasic": 1.98,
        "earningspersharediluted": 1.98,
        "commonstockdividendspersharedeclared": 0.7899999999999999,
        "othercomprehensiveincomeforeigncurrencytransactionandtranslationadjustmentnetoftaxportionattributabletoparent": 0,
        "othercomprehensiveincomelossreclassificationadjustmentfromaocionderivativesnetoftax": -1000000,
        "othercomprehensiveincomelossreclassificationadjustmentfromaocipensionandotherpostretirementbenefitplansnetoftax": 3000000,
        "othercomprehensiveincomelossnetoftax": 4000000,
        "comprehensiveincomenetoftax": 190600000,
        "othercomprehensiveincomelossreclassificationadjustmentfromaocionderivativestax": -300000,
        "othercomprehensiveincomeamortizationofdefinedbenefitplannetpriorservicecostandnetlossrecognizedinnetperiodicpensioncosttax": 900000
    },
    {
        "date": "2018-03-30",
        "symbol": "PKG",
        "period": "Q1",
        "salesrevenuenet": -35300000,
        "costofgoodssold": 6200000,
        "grossprofit": 356100000,
        "sellinggeneralandadministrativeexpense": 134900000,
        "operatingcostsandexpenses": 8300000,
        "operatingincomeloss": -19000000,
        "interestincomeexpenseandothernonoperatingnet": -26300000,
        "incomelossfromcontinuingoperationsbeforeincometaxesextraordinaryitemsnoncontrollinginterest": -4000000,
        "incometaxexpensebenefit": -1000000,
        "profitloss": 140100000,
        "earningspersharebasic": 1.48,
        "earningspersharediluted": 1.48,
        "commonstockdividendspersharedeclared": 0.63,
        "othercomprehensiveincomeforeigncurrencytransactionandtranslationadjustmentnetoftaxportionattributabletoparent": -100000,
        "othercomprehensiveincomelossreclassificationadjustmentfromaocionderivativesnetoftax": -1000000,
        "othercomprehensiveincomelossreclassificationadjustmentfromaocipensionandotherpostretirementbenefitplansnetoftax": 3000000,
        "othercomprehensiveincomelossnetoftax": 3900000,
        "comprehensiveincomenetoftax": 144000000,
        "othercomprehensiveincomelossreclassificationadjustmentfromaocionderivativestax": -400000,
        "othercomprehensiveincomeamortizationofdefinedbenefitplannetpriorservicecostandnetlossrecognizedinnetperiodicpensioncosttax": 1000000
    },
    {
        "date": "2017-12-30",
        "symbol": "PKG",
        "period": "Q4",
        "salesrevenuenet": -38500000,
        "costofgoodssold": 1312600000,
        "grossprofit": 371700000,
        "sellinggeneralandadministrativeexpense": 133700000,
        "operatingcostsandexpenses": -14000000,
        "operatingincomeloss": 57800000,
        "interestincomeexpensenonoperatingnet": 2400000,
        "incomelossfromcontinuingoperationsbeforeincometaxesextraordinaryitemsnoncontrollinginterest": -3400000,
        "incometaxexpensebenefit": -1400000,
        "earningspersharebasic": 2.8600000000000003,
        "earningspersharediluted": 2.8400000000000007,
        "commonstockdividendspersharedeclared": 0.6300000000000002,
        "othercomprehensiveincomeforeigncurrencytransactionandtranslationadjustmentnetoftaxportionattributabletoparent": 0,
        "othercomprehensiveincomelossreclassificationadjustmentfromaocionderivativesnetoftax": -1000000,
        "othercomprehensiveincomelossreclassificationadjustmentfromaocipensionandotherpostretirementbenefitplansnetoftax": 2000000,
        "comprehensiveincomenetoftax": -425500000,
        "othercomprehensiveincomelossreclassificationadjustmentfromaocionderivativestax": 3900000,
        "othercomprehensiveincomeamortizationofdefinedbenefitplannetpriorservicecostandnetlossrecognizedinnetperiodicpensioncosttax": 1400000
    },
    {
        "date": "2017-09-29",
        "symbol": "PKG",
        "period": "Q3",
        "salesrevenuenet": -39000000,
        "costofgoodssold": 1242800000,
        "grossprofit": 397300000,
        "sellinggeneralandadministrativeexpense": 130200000,
        "operatingcostsandexpenses": 24800000,
        "operatingincomeloss": -18500000,
        "interestincomeexpensenonoperatingnet": -1400000,
        "incomelossfromcontinuingoperationsbeforeincometaxesextraordinaryitemsnoncontrollinginterest": -3100000,
        "incometaxexpensebenefit": -1200000,
        "netincomeloss": -1900000,
        "earningspersharebasic": 1.47,
        "earningspersharediluted": 1.47,
        "commonstockdividendspersharedeclared": 0.63,
        "othercomprehensiveincomeforeigncurrencytransactionandtranslationadjustmentnetoftaxportionattributabletoparent": 100000,
        "othercomprehensiveincomelossreclassificationadjustmentfromaocionderivativesnetoftax": -900000,
        "othercomprehensiveincomelossreclassificationadjustmentfromaocipensionandotherpostretirementbenefitplansnetoftax": 1900000,
        "othercomprehensiveincomelossnetoftaxportionattributabletoparent": 2900000,
        "comprehensiveincomenetoftax": 142000000,
        "othercomprehensiveincomelossreclassificationadjustmentfromaocionderivativestax": -500000,
        "othercomprehensiveincomeamortizationofdefinedbenefitplannetpriorservicecostandnetlossrecognizedinnetperiodicpensioncosttax": 1200000
    },
    {
        "date": "2017-06-29",
        "symbol": "PKG",
        "period": "Q2",
        "salesrevenuenet": -1607400000,
        "costofgoodssold": 1219300000,
        "grossprofit": 364700000,
        "sellinggeneralandadministrativeexpense": 130300000,
        "operatingcostsandexpenses": 600000,
        "operatingincomeloss": -240400000,
        "interestincomeexpensenonoperatingnet": 21200000,
        "incomelossfromcontinuingoperationsbeforeincometaxesextraordinaryitemsnoncontrollinginterest": -185700000,
        "incometaxexpensebenefit": -64000000,
        "netincomeloss": -121700000,
        "earningspersharebasic": 1.5099999999999998,
        "earningspersharediluted": 1.5199999999999998,
        "commonstockdividendspersharedeclared": 0.63,
        "othercomprehensiveincomeforeigncurrencytransactionandtranslationadjustmentnetoftaxportionattributabletoparent": -100000,
        "othercomprehensiveincomelossreclassificationadjustmentfromaocionderivativesnetoftax": -700000,
        "othercomprehensiveincomelossreclassificationadjustmentfromaocipensionandotherpostretirementbenefitplansnetoftax": 2100000,
        "comprehensiveincomenetoftax": 145900000,
        "othercomprehensiveincomelossreclassificationadjustmentfromaocionderivativestax": -1700000,
        "othercomprehensiveincomeamortizationofdefinedbenefitplannetpriorservicecostandnetlossrecognizedinnetperiodicpensioncosttax": 1100000
    },
    {
        "date": "2017-03-30",
        "symbol": "PKG",
        "period": "Q1",
        "salesrevenuenet": 1536500000,
        "costofgoodssold": 1198000000,
        "grossprofit": 338500000,
        "sellinggeneralandadministrativeexpense": 128400000,
        "operatingcostsandexpenses": 7000000,
        "operatingincomeloss": 203100000,
        "interestincomeexpensenonoperatingnet": -24000000,
        "incomelossfromcontinuingoperationsbeforeincometaxesextraordinaryitemsnoncontrollinginterest": 179100000,
        "incometaxexpensebenefit": 61700000,
        "netincomeloss": 117400000,
        "earningspersharebasic": 1.25,
        "earningspersharediluted": 1.24,
        "commonstockdividendspersharedeclared": 0.63,
        "othercomprehensiveincomeforeigncurrencytransactionandtranslationadjustmentnetoftaxportionattributabletoparent": -200000,
        "othercomprehensiveincomelossreclassificationadjustmentfromaocionderivativesnetoftax": -900000,
        "othercomprehensiveincomelossreclassificationadjustmentfromaocipensionandotherpostretirementbenefitplansnetoftax": 2200000,
        "othercomprehensiveincomelossnetoftax": 2900000,
        "comprehensiveincomenetoftax": 120300000,
        "othercomprehensiveincomelossreclassificationadjustmentfromaocionderivativestax": 500000,
        "othercomprehensiveincomeamortizationofdefinedbenefitplannetpriorservicecostandnetlossrecognizedinnetperiodicpensioncosttax": 1200000
    },
    {
        "date": "2016-09-29",
        "symbol": "PKG",
        "period": "Q3",
        "salesrevenuenet": -1275400000,
        "costofgoodssold": 1154100000,
        "grossprofit": 329900000,
        "sellinggeneralandadministrativeexpense": 117300000,
        "operatingincomeloss": -215300000,
        "interestincomeexpensenonoperatingnet": 18800000,
        "incomelossfromcontinuingoperationsbeforeincometaxesextraordinaryitemsnoncontrollinginterest": -164700000,
        "incometaxexpensebenefit": -57600000,
        "netincomeloss": -107100000,
        "earningspersharebasic": 1.2699999999999998,
        "earningspersharediluted": 1.26,
        "commonstockdividendspersharedeclared": 0.6299999999999999,
        "othercomprehensiveincomelossreclassificationadjustmentfromaocionderivativesnetoftax": -900000,
        "othercomprehensiveincomelossreclassificationadjustmentfromaocipensionandotherpostretirementbenefitplansnetoftax": 1800000,
        "othercomprehensiveincomelossnetoftax": 2700000,
        "comprehensiveincomenetoftax": 122000000,
        "othercomprehensiveincomelossreclassificationadjustmentfromaocionderivativestax": 2900000,
        "othercomprehensiveincomeamortizationofdefinedbenefitplannetpriorservicecostandnetlossrecognizedinnetperiodicpensioncosttax": 5700000
    },
    {
        "date": "2016-06-29",
        "symbol": "PKG",
        "period": "Q2",
        "salesrevenuenet": 60000000,
        "costofgoodssold": 1097300000,
        "grossprofit": 320100000,
        "sellinggeneralandadministrativeexpense": 114800000,
        "operatingcostsandexpenses": 5100000,
        "operatingincomeloss": -16600000,
        "interestincomeexpensenonoperatingnet": -1400000,
        "incomelossfromcontinuingoperationsbeforeincometaxesextraordinaryitemsnoncontrollinginterest": -2600000,
        "incometaxexpensebenefit": -1000000,
        "netincomeloss": -1600000,
        "earningspersharebasic": 1.23,
        "earningspersharediluted": 1.23,
        "commonstockdividendspersharedeclared": 0.55,
        "othercomprehensiveincomelossreclassificationadjustmentfromaocionderivativesnetoftax": -800000,
        "othercomprehensiveincomelossreclassificationadjustmentfromaocipensionandotherpostretirementbenefitplansnetoftax": 1600000,
        "othercomprehensiveincomedefinedbenefitplansnetunamortizedgainlossandnetpriorservicecostsarisingduringperiodnetoftax": 3100000,
        "othercomprehensiveincomelossnetoftax": 5500000,
        "comprehensiveincomenetoftax": 121400000,
        "othercomprehensiveincomelossreclassificationadjustmentfromaocionderivativestax": -800000,
        "othercomprehensiveincomeamortizationofdefinedbenefitplannetpriorservicecostandnetlossrecognizedinnetperiodicpensioncosttax": -1600000,
        "othercomprehensiveincomedefinedbenefitplansnetunamortizedgainlossandnetpriorservicecostsarisingduringperiodtax": 3100000
    },
    {
        "date": "2016-03-30",
        "symbol": "PKG",
        "period": "Q1",
        "salesrevenuenet": 1401000000,
        "costofgoodssold": 1102400000,
        "grossprofit": 298600000,
        "sellinggeneralandadministrativeexpense": 113900000,
        "otheroperatingincomeexpensenet": -3900000,
        "operatingincomeloss": 180800000,
        "interestincomeexpensenonoperatingnet": -21600000,
        "incomelossfromcontinuingoperationsbeforeincometaxesextraordinaryitemsnoncontrollinginterest": 159200000,
        "incometaxexpensebenefit": 55500000,
        "netincomeloss": 103700000,
        "earningspersharebasic": 1.09,
        "earningspersharediluted": 1.09,
        "commonstockdividendspersharedeclared": 0.55,
        "othercomprehensiveincomelossreclassificationadjustmentfromaocionderivativesnetoftax": -900000,
        "othercomprehensiveincomelossreclassificationadjustmentfromaocipensionandotherpostretirementbenefitplansnetoftax": 1600000,
        "othercomprehensiveincomelossnetoftax": 2500000,
        "comprehensiveincomenetoftax": 106200000,
        "othercomprehensiveincomelossreclassificationadjustmentfromaocionderivativestax": -500000,
        "othercomprehensiveincomeamortizationofdefinedbenefitplannetpriorservicecostandnetlossrecognizedinnetperiodicpensioncosttax": -1000000
    },
    {
        "date": "2015-09-29",
        "symbol": "PKG",
        "period": "Q3",
        "salesrevenuenet": -1293400000,
        "costofgoodssold": 1148600000,
        "grossprofit": 322200000,
        "sellinggeneralandadministrativeexpense": 106700000,
        "otheroperatingincomeexpensenet": 2600000,
        "operatingincomeloss": -27700000,
        "interestincomeexpensenonoperatingnet": 16400000,
        "incomelossfromcontinuingoperationsbeforeincometaxesextraordinaryitemsnoncontrollinginterest": -145000000,
        "incometaxexpensebenefit": -49900000,
        "netincomeloss": -90800000,
        "earningspersharebasic": 1.3100000000000005,
        "earningspersharediluted": 1.3100000000000005,
        "commonstockdividendspersharedeclared": 0.5499999999999998,
        "othercomprehensiveincomeforeigncurrencytransactionandtranslationadjustmentnetoftaxportionattributabletoparent": 0,
        "othercomprehensiveincomelossreclassificationadjustmentfromaocionderivativesnetoftax": -900000,
        "othercomprehensiveincomelossreclassificationadjustmentfromaocipensionandotherpostretirementbenefitplansnetoftax": 2100000,
        "othercomprehensiveincomelossnetoftax": -3100000,
        "comprehensiveincomenetoftax": 130800000,
        "othercomprehensiveincomelossreclassificationadjustmentfromaocionderivativestax": -500000,
        "othercomprehensiveincomeamortizationofdefinedbenefitplannetpriorservicecostandnetlossrecognizedinnetperiodicpensioncosttax": -1400000
    },
    {
        "date": "2015-06-29",
        "symbol": "PKG",
        "period": "Q2",
        "salesrevenuenet": 66400000,
        "costofgoodssold": 1130600000,
        "grossprofit": 323700000,
        "sellinggeneralandadministrativeexpense": 121900000,
        "otheroperatingincomeexpensenet": -4200000,
        "operatingincomeloss": -20400000,
        "interestincomeexpensenonoperatingnet": -1400000,
        "incomelossfromcontinuingoperationsbeforeincometaxesextraordinaryitemsnoncontrollinginterest": -3600000,
        "incometaxexpensebenefit": -1400000,
        "netincomeloss": -4200000,
        "earningspersharebasic": 1.16,
        "earningspersharediluted": 1.16,
        "commonstockdividendspersharedeclared": 0.55,
        "othercomprehensiveincomeforeigncurrencytransactionandtranslationadjustmentnetoftaxportionattributabletoparent": 4200000,
        "othercomprehensiveincomelossreclassificationadjustmentfromaocionderivativesnetoftax": -900000,
        "othercomprehensiveincomelossreclassificationadjustmentfromaocipensionandotherpostretirementbenefitplansnetoftax": 2200000,
        "othercomprehensiveincomelossnetoftax": 7300000,
        "comprehensiveincomenetoftax": 121300000,
        "othercomprehensiveincomelossreclassificationadjustmentfromaocionderivativestax": -500000,
        "othercomprehensiveincomeamortizationofdefinedbenefitplannetpriorservicecostandnetlossrecognizedinnetperiodicpensioncosttax": -1400000
    },
    {
        "date": "2015-03-30",
        "symbol": "PKG",
        "period": "Q1",
        "salesrevenuenet": 1425700000,
        "costofgoodssold": 1148700000,
        "grossprofit": 277000000,
        "sellinggeneralandadministrativeexpense": 117300000,
        "otheroperatingincomeexpensenet": -2600000,
        "operatingincomeloss": -10300000,
        "interestincomeexpensenonoperatingnet": -19200000,
        "incomelossfromcontinuingoperationsbeforeincometaxesextraordinaryitemsnoncontrollinginterest": 137900000,
        "incometaxexpensebenefit": 47100000,
        "netincomeloss": 90800000,
        "earningspersharebasic": 0.92,
        "earningspersharediluted": 0.92,
        "commonstockdividendspersharedeclared": 0.55,
        "othercomprehensiveincomeforeigncurrencytransactionandtranslationadjustmentnetoftaxportionattributabletoparent": -1400000,
        "othercomprehensiveincomelossreclassificationadjustmentfromaocionderivativesnetoftax": -800000,
        "othercomprehensiveincomelossreclassificationadjustmentfromaocipensionandotherpostretirementbenefitplansnetoftax": 2200000,
        "othercomprehensiveincomelossnetoftax": -1400000,
        "comprehensiveincomenetoftax": 92400000,
        "othercomprehensiveincomelossreclassificationadjustmentfromaocionderivativestax": -600000,
        "othercomprehensiveincomeamortizationofdefinedbenefitplannetpriorservicecostandnetlossrecognizedinnetperiodicpensioncosttax": -1400000
    },
    {
        "date": "2014-12-30",
        "symbol": "PKG",
        "period": "Q4",
        "salesrevenuenet": -1362600000,
        "costofgoodssold": 4623075000,
        "grossprofit": 296955000,
        "sellinggeneralandadministrativeexpense": 110493000,
        "otheroperatingincomeexpensenet": -13296000,
        "operatingincomeloss": -135000000,
        "interestincomeexpensenonoperatingnet": -1458000,
        "incomelossfromcontinuingoperationsbeforeincometaxesextraordinaryitemsnoncontrollinginterest": -1706000,
        "incometaxexpensebenefit": -2790000,
        "netincomeloss": -1402000,
        "earningspersharebasic": 1,
        "earningspersharediluted": 1,
        "commonstockdividendspersharedeclared": 0.40000000000000013,
        "othercomprehensiveincomelossreclassificationadjustmentfromaocionderivativesnetoftax": -901000,
        "othercomprehensiveincomelossreclassificationadjustmentfromaocipensionandotherpostretirementbenefitplansnetoftax": 1063000,
        "othercomprehensiveincomelossnetoftax": -4864000,
        "comprehensiveincomenetoftax": 94432000,
        "othercomprehensiveincomelossreclassificationadjustmentfromaocionderivativestax": -532000,
        "othercomprehensiveincomeamortizationofdefinedbenefitplannetpriorservicecostandnetlossrecognizedinnetperiodicpensioncosttax": -643000
    },
    {
        "date": "2014-09-29",
        "symbol": "PKG",
        "period": "Q3",
        "salesrevenuenet": 312500000,
        "costofgoodssold": 9000,
        "grossprofit": 320333000,
        "sellinggeneralandadministrativeexpense": 119645000,
        "otheroperatingincomeexpensenet": -12310000,
        "operatingincomeloss": 43000000,
        "interestincomeexpensenonoperatingnet": -1414000,
        "incomelossfromcontinuingoperationsbeforeincometaxesextraordinaryitemsnoncontrollinginterest": -1765000,
        "incometaxexpensebenefit": -4000,
        "netincomeloss": -865000,
        "earningspersharebasic": 1.06,
        "earningspersharediluted": 1.06,
        "commonstockdividendspersharedeclared": 0.4,
        "othercomprehensiveincomelossforeigncurrencytransactionandtranslationadjustmentnetoftax": -1564000,
        "othercomprehensiveincomelossreclassificationadjustmentfromaocionderivativesnetoftax": -870000,
        "othercomprehensiveincomelossreclassificationadjustmentfromaocipensionandotherpostretirementbenefitplansnetoftax": 1080000,
        "othercomprehensiveincomelossnetoftax": 386000,
        "comprehensiveincomenetoftax": 104831000,
        "othercomprehensiveincomeforeigncurrencytranslationgainlossarisingduringperiodtax": -106000,
        "othercomprehensiveincomelossreclassificationadjustmentfromaocionderivativestax": -553000,
        "othercomprehensiveincomeamortizationofdefinedbenefitplannetpriorservicecostandnetlossrecognizedinnetperiodicpensioncosttax": -685000
    },
    {
        "date": "2014-06-29",
        "symbol": "PKG",
        "period": "Q2",
        "salesrevenuenet": 1468400000,
        "costofgoodssold": 8000,
        "grossprofit": 310808000,
        "sellinggeneralandadministrativeexpense": 122848000,
        "otheroperatingincomeexpensenet": -7712000,
        "operatingincomeloss": 33600000,
        "interestincomeexpensenonoperatingnet": -1414000,
        "incomelossfromcontinuingoperationsbeforeincometaxesextraordinaryitemsnoncontrollinginterest": -1766000,
        "incometaxexpensebenefit": -3000,
        "netincomeloss": -1078000,
        "earningspersharebasic": 1.01,
        "earningspersharediluted": 1.01,
        "commonstockdividendspersharedeclared": 0.4,
        "othercomprehensiveincomeforeigncurrencytransactionandtranslationadjustmentnetoftaxportionattributabletoparent": -74000,
        "othercomprehensiveincomelossreclassificationadjustmentfromaocionderivativesnetoftax": -869000,
        "othercomprehensiveincomelossreclassificationadjustmentfromaocipensionandotherpostretirementbenefitplansnetoftax": 1078000,
        "othercomprehensiveincomelossnetoftax": 1873000,
        "comprehensiveincomenetoftax": 101430000,
        "othercomprehensiveincomeforeigncurrencytranslationgainlossarisingduringperiodtax": 70000,
        "othercomprehensiveincomelossreclassificationadjustmentfromaocionderivativestax": -553000,
        "othercomprehensiveincomeamortizationofdefinedbenefitplannetpriorservicecostandnetlossrecognizedinnetperiodicpensioncosttax": -688000
    },
    {
        "date": "2014-03-30",
        "symbol": "PKG",
        "period": "Q1",
        "salesrevenuenet": -39500000,
        "costofgoodssold": 8000,
        "grossprofit": 301404000,
        "sellinggeneralandadministrativeexpense": 116514000,
        "otheroperatingincomeexpensenet": -23982000,
        "operatingincomeloss": -37500000,
        "interestincomeexpensenonoperatingnet": -1414000,
        "incomelossfromcontinuingoperationsbeforeincometaxesextraordinaryitemsnoncontrollinginterest": -1763000,
        "incometaxexpensebenefit": -3000,
        "netincomeloss": -855000,
        "earningspersharebasic": 0.92,
        "earningspersharediluted": 0.92,
        "commonstockdividendspersharedeclared": 0.4,
        "othercomprehensiveincomeforeigncurrencytransactionandtranslationadjustmentnetoftaxportionattributabletoparent": -18000,
        "othercomprehensiveincomelossreclassificationadjustmentfromaocionderivativesnetoftax": -860000,
        "othercomprehensiveincomelossreclassificationadjustmentfromaocipensionandotherpostretirementbenefitplansnetoftax": 979000,
        "othercomprehensiveincomelossnetoftax": 5000,
        "comprehensiveincomenetoftax": 91907000,
        "othercomprehensiveincomeforeigncurrencytranslationgainlossarisingduringperiodtax": -40000,
        "othercomprehensiveincomelossreclassificationadjustmentfromaocionderivativestax": -562000,
        "othercomprehensiveincomeamortizationofdefinedbenefitplannetpriorservicecostandnetlossrecognizedinnetperiodicpensioncosttax": -784000
    },
    {
        "date": "2013-12-30",
        "symbol": "PKG",
        "period": "Q4",
        "salesrevenuenet": -2193877000,
        "costofgoodssold": -572759000,
        "grossprofit": 258819000,
        "sellinggeneralandadministrativeexpense": 159593000,
        "otheroperatingincomeexpensenet": -37947000,
        "operatingincomeloss": 193424000,
        "incomelossfromcontinuingoperationsbeforeincometaxesextraordinaryitemsnoncontrollinginterest": -99490000,
        "incometaxexpensebenefit": -29203000,
        "netincomeloss": -54041000,
        "weightedaveragenumberofsharesoutstandingbasic": -193026000,
        "weightedaveragenumberofdilutedsharesoutstanding": -194960000,
        "earningspersharebasic": 2.3499999999999996,
        "earningspersharediluted": 2.3299999999999996,
        "commonstockdividendspersharedeclared": 0.39749999999999985,
        "othercomprehensiveincomelossnetoftax": -24488000,
        "comprehensiveincomenetoftax": -188188000
    },
    {
        "date": "2013-09-29",
        "symbol": "PKG",
        "period": "Q3",
        "salesrevenuenet": 845440000,
        "costofgoodssold": 8000,
        "grossprofit": 225814000,
        "sellinggeneralandadministrativeexpense": 56469000,
        "corporateoverhead": 21143000,
        "otheroperatingincomeexpensenet": -6242000,
        "operatingincomeloss": 141960000,
        "interestincomeexpensenonoperatingnet": -1414000,
        "incomelossfromcontinuingoperationsbeforeincometaxesextraordinaryitemsnoncontrollinginterest": -5540000,
        "incometaxexpensebenefit": -2153000,
        "netincomeloss": -3387000,
        "weightedaveragenumberofsharesoutstandingbasic": 96758000,
        "weightedaveragenumberofdilutedsharesoutstanding": 97597000,
        "earningspersharebasic": 0.87,
        "earningspersharediluted": 0.86,
        "commonstockdividendspersharedeclared": 0.4,
        "othercomprehensiveincomelossreclassificationadjustmentfromaocionderivativesnetoftax": -870000,
        "othercomprehensiveincomelossreclassificationadjustmentfromaocipensionandotherpostretirementbenefitplansnetoftax": 3387000,
        "othercomprehensiveincomelossfinalizationofpensionandnonpensionpostretirementplanvaluationnetoftax": 4963000,
        "othercomprehensiveincomelossnetoftax": 9220000,
        "comprehensiveincomenetoftax": 93400000
    },
    {
        "date": "2013-06-29",
        "symbol": "PKG",
        "period": "Q2",
        "salesrevenuenet": 800230000,
        "costofgoodssold": 9000,
        "grossprofit": 192123000,
        "sellinggeneralandadministrativeexpense": 54854000,
        "corporateoverhead": 19171000,
        "otheroperatingincomeexpensenet": -10828000,
        "operatingincomeloss": 107270000,
        "interestexpensenet": 1414000,
        "incomelossfromcontinuingoperationsbeforeincometaxesextraordinaryitemsnoncontrollinginterest": -10866000,
        "incometaxexpensebenefit": -4221000,
        "netincomeloss": -6645000,
        "weightedaveragenumberofsharesoutstandingbasic": 96432000,
        "weightedaveragenumberofdilutedsharesoutstanding": 97494000,
        "earningspersharebasic": 0.67,
        "earningspersharediluted": 0.66,
        "commonstockdividendspersharedeclared": 0.4,
        "othercomprehensiveincomelossreclassificationadjustmentfromaocionderivativesnetoftax": -870000,
        "othercomprehensiveincomelossreclassificationadjustmentfromaocipensionandotherpostretirementbenefitplansnetoftax": 6645000,
        "othercomprehensiveincomelossfinalizationofpensionandnonpensionpostretirementplanvaluationnetoftax": 8455000,
        "othercomprehensiveincomelossnetoftax": 15970000,
        "comprehensiveincomenetoftax": 80435000
    },
    {
        "date": "2013-03-30",
        "symbol": "PKG",
        "period": "Q1",
        "salesrevenuenet": 755207000,
        "costofgoodssold": 572776000,
        "grossprofit": 182431000,
        "sellinggeneralandadministrativeexpense": 55686000,
        "corporateoverhead": 19538000,
        "otheroperatingincomeexpensenet": -3961000,
        "operatingincomeloss": 103246000,
        "interestexpensenet": 9251000,
        "incomelossfromcontinuingoperationsbeforeincometaxesextraordinaryitemsnoncontrollinginterest": 93995000,
        "incometaxexpensebenefit": 33382000,
        "netincomeloss": 60613000,
        "weightedaveragenumberofsharesoutstandingbasic": 96415000,
        "weightedaveragenumberofdilutedsharesoutstanding": 97416000,
        "earningspersharebasic": 0.63,
        "earningspersharediluted": 0.62,
        "commonstockdividendspersharedeclared": 0.3125,
        "othercomprehensiveincomelossreclassificationadjustmentonderivativesincludedinnetincomenetoftax": -5000,
        "othercomprehensiveincomelossreclassificationadjustmentonpensionandotherpostretirementbenefitplansincludedinnetincomenetoftax": -1889000,
        "othercomprehensiveincomelossnetoftax": 2758000,
        "comprehensiveincomenetoftax": 63371000
    },
    {
        "date": "2012-09-29",
        "symbol": "PKG",
        "period": "Q3",
        "salesrevenuenet": 723473000,
        "costofgoodssold": 560921000,
        "grossprofit": 162552000,
        "sellinggeneralandadministrativeexpense": 51529000,
        "corporateoverhead": 16990000,
        "operatingincomeloss": 92072000,
        "interestexpensenet": 30590000,
        "incomelossfromcontinuingoperationsbeforeincometaxesextraordinaryitemsnoncontrollinginterest": 61482000,
        "netincomeloss": 39791000,
        "weightedaveragenumberofsharesoutstandingbasic": -24000,
        "weightedaveragenumberofdilutedsharesoutstanding": -76000,
        "earningspersharebasic": 0.4200000000000001,
        "earningspersharediluted": 0.4000000000000001,
        "commonstockdividendspersharedeclared": 0.25,
        "othercomprehensiveincomeamortizationofdefinedbenefitplannetpriorservicecostandnetlossrecognizedinnetperiodicpensioncostnetoftax": 1672000,
        "comprehensiveincomenetoftaxincludingportionattributabletononcontrollinginterest": 40858000
    },
    {
        "date": "2012-06-29",
        "symbol": "PKG",
        "period": "Q2",
        "salesrevenuenet": 712468000,
        "costofgoodssold": 554360000,
        "grossprofit": 158108000,
        "sellinggeneralandadministrativeexpense": 52868000,
        "corporateoverhead": 17736000,
        "alternativefuelmixturetaxcredits": 0,
        "otherincomeexpensenet": -8804000,
        "operatingincomeloss": 83858000,
        "interestexpensenet": 13256000,
        "incomelossfromcontinuingoperationsbeforeincometaxesextraordinaryitemsnoncontrollinginterest": 70602000,
        "incometaxexpensebenefit": 0,
        "netincomeloss": 45154000,
        "weightedaveragenumberofsharesoutstandingbasic": -166000,
        "weightedaveragenumberofdilutedsharesoutstanding": -133000,
        "earningspersharebasic": 0.47000000000000003,
        "earningspersharediluted": 0.47000000000000003,
        "commonstockdividendspersharedeclared": 0.25,
        "othercomprehensiveincomeamortizationofdefinedbenefitplannetpriorservicecostandnetlossrecognizedinnetperiodicpensioncostnetoftax": 1672000,
        "comprehensiveincomenetoftaxincludingportionattributabletononcontrollinginterest": 30984000
    },
    {
        "date": "2012-03-30",
        "symbol": "PKG",
        "period": "Q1",
        "salesrevenuenet": 671357000,
        "costofgoodssold": 526338000,
        "grossprofit": 145019000,
        "sellinggeneralandadministrativeexpense": 51942000,
        "corporateoverhead": 16888000,
        "alternativefuelmixturetaxcredits": 95500000,
        "otherincomeexpensenet": 2579000,
        "operatingincomeloss": 169110000,
        "interestexpensenet": 9683000,
        "incomelossfromcontinuingoperationsbeforeincometaxesextraordinaryitemsnoncontrollinginterest": 159427000,
        "incometaxexpensebenefit": 118500000,
        "netincomeloss": 17844000,
        "weightedaveragenumberofsharesoutstandingbasic": 96598000,
        "weightedaveragenumberofdilutedsharesoutstanding": 97729000,
        "earningspersharebasic": 0.18,
        "earningspersharediluted": 0.18,
        "commonstockdividendspersharedeclared": 0.25,
        "othercomprehensiveincomederivativesqualifyingashedgesnetoftaxperiodincreasedecrease": 7518000,
        "othercomprehensiveincomereclassificationadjustmentonderivativesincludedinnetincomenetoftax": 277000,
        "othercomprehensiveincomeamortizationofdefinedbenefitplannetpriorservicecostandnetlossrecognizedinnetperiodicpensioncostnetoftax": 1672000,
        "othercomprehensiveincomelossnetoftaxperiodincreasedecrease": 8913000,
        "comprehensiveincomenetoftaxincludingportionattributabletononcontrollinginterest": 26757000
    },
    {
        "date": "2011-09-29",
        "symbol": "PKG",
        "period": "Q3",
        "salesrevenuenet": 670824000,
        "costofgoodssold": 533077000,
        "grossprofit": 137747000,
        "sellinggeneralandadministrativeexpense": 48914000,
        "corporateoverhead": 16424000,
        "otherincomeexpensenet": 1229000,
        "operatingincomeloss": 71180000,
        "interestexpensenet": 6727000,
        "incomelossfromcontinuingoperationsbeforeincometaxes": 64453000,
        "incometaxexpensebenefit": 22676000,
        "netincomeloss": 41777000,
        "weightedaveragenumberofsharesoutstandingbasic": 99020000,
        "weightedaveragenumberofdilutedsharesoutstanding": 100030000,
        "earningspersharebasic": 0.42,
        "earningspersharediluted": 0.42,
        "commonstockdividendspersharedeclared": 0.2
    },
    {
        "date": "2011-06-29",
        "symbol": "PKG",
        "period": "Q2",
        "salesrevenuenet": 665481000,
        "costofgoodssold": 528580000,
        "grossprofit": 136901000,
        "sellinggeneralandadministrativeexpense": 48192000,
        "corporateoverhead": 16352000,
        "otherincomeexpensenet": 4498000,
        "operatingincomeloss": 67859000,
        "interestexpensenet": 6321000,
        "incomelossfromcontinuingoperationsbeforeincometaxes": 61538000,
        "incometaxexpensebenefit": 22170000,
        "netincomeloss": 39368000,
        "weightedaveragenumberofsharesoutstandingbasic": 100094000,
        "weightedaveragenumberofdilutedsharesoutstanding": 101128000,
        "earningspersharebasic": 0.39,
        "earningspersharediluted": 0.39,
        "commonstockdividendspersharedeclared": 0.2
    },
    {
        "date": "2011-03-30",
        "symbol": "PKG",
        "period": "Q1",
        "salesrevenuenet": 629500000,
        "costofgoodssold": 496359000,
        "grossprofit": 133141000,
        "sellinggeneralandadministrativeexpense": 47952000,
        "corporateoverhead": 15553000,
        "otherincomeexpensenet": 3733000,
        "operatingincomeloss": 65903000,
        "interestexpensenet": 6903000,
        "incomelossfromcontinuingoperationsbeforeincometaxes": 59000000,
        "incometaxexpensebenefit": 21583000,
        "netincomeloss": 37417000,
        "weightedaveragenumberofsharesoutstandingbasic": 100741000,
        "weightedaveragenumberofdilutedsharesoutstanding": 101909000,
        "earningspersharebasic": 0.37,
        "earningspersharediluted": 0.37,
        "commonstockdividendspersharedeclared": 0.2
    },
    {
        "date": "2010-09-29",
        "symbol": "PKG",
        "period": "Q3",
        "salesrevenuenet": 642764000,
        "costofgoodssold": 476312000,
        "grossprofit": 166452000,
        "sellinggeneralandadministrativeexpense": 47219000,
        "corporateoverhead": 15527000,
        "alternativefuelmixturetaxcredits": 111869000,
        "otherincomeexpensenet": 4179000,
        "operatingincomeloss": -12342000,
        "interestexpensenet": 7903000,
        "incomelossfromcontinuingoperationsbeforeincometaxes": -20245000,
        "incometaxexpensebenefit": -113565000,
        "netincomeloss": 93320000,
        "weightedaveragenumberofsharesoutstandingbasic": 101776000,
        "weightedaveragenumberofdilutedsharesoutstanding": 102687000,
        "earningspersharebasic": 0.92,
        "earningspersharediluted": 0.91,
        "commonstockdividendspersharedeclared": 0.15
    }
]