[
    {
        "date": "2024-11-01",
        "symbol": "ROST",
        "period": "Q3",
        "revenuefromcontractwithcustomerexcludingassessedtax": 5071354000,
        "costofgoodsandservicessold": 3634283000,
        "sellinggeneralandadministrativeexpense": 832855000,
        "interestincomeexpensenet": 42527000,
        "costsandexpenses": 4424611000,
        "incomelossfromcontinuingoperationsbeforeincometaxesextraordinaryitemsnoncontrollinginterest": 646743000,
        "incometaxexpensebenefit": 157935000,
        "netincomeloss": 488808000,
        "earningspersharebasic": 1.49,
        "earningspersharediluted": 1.48,
        "weightedaveragenumberofsharesoutstandingbasic": 327710000,
        "weightedaveragenumberofdilutedsharesoutstanding": 329937000,
        "comprehensiveincomenetoftax": 488808000
    },
    {
        "date": "2024-08-02",
        "symbol": "ROST",
        "period": "Q2",
        "revenuefromcontractwithcustomerexcludingassessedtax": 5287519000,
        "costofgoodsandservicessold": 3791929000,
        "sellinggeneralandadministrativeexpense": 836357000,
        "interestincomeexpensenet": 43350000,
        "costsandexpenses": 4584936000,
        "incomelossfromcontinuingoperationsbeforeincometaxesextraordinaryitemsnoncontrollinginterest": 702583000,
        "incometaxexpensebenefit": 175435000,
        "netincomeloss": 527148000,
        "earningspersharebasic": 1.6,
        "earningspersharediluted": 1.59,
        "weightedaveragenumberofsharesoutstandingbasic": 329392000,
        "weightedaveragenumberofdilutedsharesoutstanding": 331511000,
        "comprehensiveincomenetoftax": 527148000
    },
    {
        "date": "2024-05-03",
        "symbol": "ROST",
        "period": "Q1",
        "revenuefromcontractwithcustomerexcludingassessedtax": 4858067000,
        "costofgoodsandservicessold": 3490672000,
        "sellinggeneralandadministrativeexpense": 776282000,
        "interestincomeexpensenet": 45950000,
        "costsandexpenses": 4221004000,
        "incomelossfromcontinuingoperationsbeforeincometaxesextraordinaryitemsnoncontrollinginterest": 637063000,
        "incometaxexpensebenefit": 149073000,
        "netincomeloss": 487990000,
        "earningspersharebasic": 1.47,
        "earningspersharediluted": 1.46,
        "weightedaveragenumberofsharesoutstandingbasic": 331258000,
        "weightedaveragenumberofdilutedsharesoutstanding": 333737000,
        "comprehensiveincomenetoftax": 487990000
    },
    {
        "date": "2024-02-02",
        "symbol": "ROST",
        "period": "Q4",
        "revenuefromcontractwithcustomerexcludingassessedtax": 6022501000,
        "costofgoodsandservicessold": 4375360000,
        "sellinggeneralandadministrativeexpense": 903087000,
        "interestincomeexpensenet": 52188000,
        "costsandexpenses": 5226259000,
        "incomelossfromcontinuingoperationsbeforeincometaxesextraordinaryitemsnoncontrollinginterest": 796242000,
        "incometaxexpensebenefit": 186559000,
        "netincomeloss": 609683000,
        "earningspersharebasic": 1.8199999999999998,
        "earningspersharediluted": 1.8199999999999992,
        "weightedaveragenumberofsharesoutstandingbasic": 335187000,
        "weightedaveragenumberofdilutedsharesoutstanding": 337433000,
        "comprehensiveincomenetoftax": 609683000
    },
    {
        "date": "2023-10-27",
        "symbol": "ROST",
        "period": "Q3",
        "revenuefromcontractwithcustomerexcludingassessedtax": 4924849000,
        "costofgoodsandservicessold": 3564268000,
        "sellinggeneralandadministrativeexpense": 810470000,
        "interestincomeexpensenet": 43319000,
        "costsandexpenses": 4331419000,
        "incomelossfromcontinuingoperationsbeforeincometaxesextraordinaryitemsnoncontrollinginterest": 593430000,
        "incometaxexpensebenefit": 146103000,
        "netincomeloss": 447327000,
        "earningspersharebasic": 1.34,
        "earningspersharediluted": 1.33,
        "weightedaveragenumberofsharesoutstandingbasic": 334282000,
        "weightedaveragenumberofdilutedsharesoutstanding": 336261000,
        "comprehensiveincomenetoftax": 447327000
    },
    {
        "date": "2023-07-28",
        "symbol": "ROST",
        "period": "Q2",
        "revenuefromcontractwithcustomerexcludingassessedtax": 4934905000,
        "costofgoodsandservicessold": 3569367000,
        "sellinggeneralandadministrativeexpense": 807898000,
        "interestincomeexpensenet": 37214000,
        "costsandexpenses": 4340051000,
        "incomelossfromcontinuingoperationsbeforeincometaxesextraordinaryitemsnoncontrollinginterest": 594854000,
        "incometaxexpensebenefit": 148535000,
        "netincomeloss": 446319000,
        "earningspersharebasic": 1.33,
        "earningspersharediluted": 1.32,
        "weightedaveragenumberofsharesoutstandingbasic": 336231000,
        "weightedaveragenumberofdilutedsharesoutstanding": 337932000,
        "comprehensiveincomenetoftax": 446319000
    },
    {
        "date": "2023-04-28",
        "symbol": "ROST",
        "period": "Q1",
        "revenuefromcontractwithcustomerexcludingassessedtax": 4494686000,
        "costofgoodsandservicessold": 3292606000,
        "sellinggeneralandadministrativeexpense": 746222000,
        "interestincomeexpensenet": 31397000,
        "costsandexpenses": 4007431000,
        "incomelossfromcontinuingoperationsbeforeincometaxesextraordinaryitemsnoncontrollinginterest": 487255000,
        "incometaxexpensebenefit": 116064000,
        "netincomeloss": 371191000,
        "earningspersharebasic": 1.1,
        "earningspersharediluted": 1.09,
        "weightedaveragenumberofsharesoutstandingbasic": 338049000,
        "weightedaveragenumberofdilutedsharesoutstanding": 340044000,
        "comprehensiveincomenetoftax": 371191000
    },
    {
        "date": "2023-01-27",
        "symbol": "ROST",
        "period": "Q4",
        "revenuefromcontractwithcustomerexcludingassessedtax": 5214231000,
        "costofgoodsandservicessold": 3926203000,
        "sellinggeneralandadministrativeexpense": 729342000,
        "interestincomeexpensenet": 22719000,
        "costsandexpenses": 4632826000,
        "incomelossfromcontinuingoperationsbeforeincometaxesextraordinaryitemsnoncontrollinginterest": 581405000,
        "incometaxexpensebenefit": 134362000,
        "netincomeloss": 447043000,
        "earningspersharebasic": 1.3100000000000005,
        "earningspersharediluted": 1.2999999999999996,
        "weightedaveragenumberofsharesoutstandingbasic": -1234000,
        "weightedaveragenumberofdilutedsharesoutstanding": -990000,
        "comprehensiveincomenetoftax": 447043000
    },
    {
        "date": "2022-10-28",
        "symbol": "ROST",
        "period": "Q3",
        "revenuefromcontractwithcustomerexcludingassessedtax": 4565489000,
        "costofgoodsandservicessold": 3424046000,
        "sellinggeneralandadministrativeexpense": 693367000,
        "interestincomeexpensenet": 2802000,
        "costsandexpenses": 4114611000,
        "incomelossfromcontinuingoperationsbeforeincometaxesextraordinaryitemsnoncontrollinginterest": 450878000,
        "incometaxexpensebenefit": 108842000,
        "netincomeloss": 342036000,
        "earningspersharebasic": 1,
        "earningspersharediluted": 1,
        "weightedaveragenumberofsharesoutstandingbasic": -1283000,
        "weightedaveragenumberofdilutedsharesoutstanding": -1258000,
        "numberofstores": 39,
        "comprehensiveincomenetoftax": 342036000
    },
    {
        "date": "2022-07-29",
        "symbol": "ROST",
        "period": "Q2",
        "revenuefromcontractwithcustomerexcludingassessedtax": 4583009000,
        "costofgoodsandservicessold": 3399535000,
        "sellinggeneralandadministrativeexpense": 667063000,
        "interestincomeexpensenet": -10667000,
        "costsandexpenses": 4077265000,
        "incomelossfromcontinuingoperationsbeforeincometaxesextraordinaryitemsnoncontrollinginterest": 505744000,
        "incometaxexpensebenefit": 121227000,
        "netincomeloss": 384517000,
        "earningspersharebasic": 1.1099999999999999,
        "earningspersharediluted": 1.11,
        "weightedaveragenumberofsharesoutstandingbasic": -1084000,
        "weightedaveragenumberofdilutedsharesoutstanding": -1350000,
        "numberofstores": 29,
        "comprehensiveincomenetoftax": 384517000
    },
    {
        "date": "2022-04-29",
        "symbol": "ROST",
        "period": "Q1",
        "revenuefromcontractwithcustomerexcludingassessedtax": 4333100000,
        "costofgoodsandservicessold": 3196446000,
        "sellinggeneralandadministrativeexpense": 669496000,
        "interestincomeexpensenet": -17696000,
        "costsandexpenses": 3883638000,
        "incomelossfromcontinuingoperationsbeforeincometaxesextraordinaryitemsnoncontrollinginterest": 449462000,
        "incometaxexpensebenefit": 111017000,
        "netincomeloss": 338445000,
        "earningspersharebasic": 0.98,
        "earningspersharediluted": 0.97,
        "weightedaveragenumberofsharesoutstandingbasic": 347053000,
        "weightedaveragenumberofdilutedsharesoutstanding": 348820000,
        "numberofstores": 1951,
        "comprehensiveincomenetoftax": 338445000
    },
    {
        "date": "2022-01-28",
        "symbol": "ROST",
        "period": "Q4",
        "revenuefromcontractwithcustomerexcludingassessedtax": 504569000,
        "costofgoodsandservicessold": 575240000,
        "sellinggeneralandadministrativeexpense": 755867000,
        "interestincomeexpensenet": -17828000,
        "costsandexpenses": 654833000,
        "incometaxexpensebenefit": 106496000,
        "netincomeloss": 366822000,
        "earningspersharebasic": 1.0500000000000003,
        "earningspersharediluted": 1.0500000000000005,
        "weightedaveragenumberofsharesoutstandingbasic": -812000,
        "weightedaveragenumberofdilutedsharesoutstanding": -743000,
        "comprehensiveincomenetoftax": 366822000
    },
    {
        "date": "2021-10-29",
        "symbol": "ROST",
        "period": "Q3",
        "revenuefromcontractwithcustomerexcludingassessedtax": 4574541000,
        "costofgoodsandservicessold": 3326004000,
        "sellinggeneralandadministrativeexpense": 725761000,
        "interestincomeexpensenet": -18744000,
        "costsandexpenses": 4070509000,
        "incometaxexpensebenefit": 119002000,
        "netincomeloss": 385030000,
        "earningspersharebasic": 1.1,
        "earningspersharediluted": 1.0899999999999996,
        "weightedaveragenumberofsharesoutstandingbasic": -619000,
        "weightedaveragenumberofdilutedsharesoutstanding": -684000,
        "numberofstores": 28,
        "comprehensiveincomenetoftax": 385030000
    },
    {
        "date": "2021-07-30",
        "symbol": "ROST",
        "period": "Q2",
        "revenuefromcontractwithcustomerexcludingassessedtax": 9321054000,
        "costofgoodsandservicessold": 6609267000,
        "sellinggeneralandadministrativeexpense": 717788000,
        "interestincomeexpensenet": -18707000,
        "costsandexpenses": 8039864000,
        "incomelossfromcontinuingoperationsbeforeincometaxesminorityinterestandincomelossfromequitymethodinvestments": 657608000,
        "incometaxexpensebenefit": 163350000,
        "netincomeloss": 494258000,
        "earningspersharebasic": 1.4,
        "earningspersharediluted": 1.39,
        "weightedaveragenumberofsharesoutstandingbasic": -61000,
        "weightedaveragenumberofdilutedsharesoutstanding": -206000,
        "numberofstores": 30,
        "comprehensiveincomenetoftax": 494258000
    },
    {
        "date": "2021-04-30",
        "symbol": "ROST",
        "period": "Q1",
        "revenuefromcontractwithcustomerexcludingassessedtax": 4516080000,
        "costofgoodsandservicessold": 3198396000,
        "sellinggeneralandadministrativeexpense": 675053000,
        "interestincomeexpensenet": -19049000,
        "costsandexpenses": 3892498000,
        "incomelossfromcontinuingoperationsbeforeincometaxesminorityinterestandincomelossfromequitymethodinvestments": 623582000,
        "incometaxexpensebenefit": 147103000,
        "netincomeloss": 476479000,
        "earningspersharebasic": 1.35,
        "earningspersharediluted": 1.34,
        "weightedaveragenumberofsharesoutstandingbasic": 352988000,
        "weightedaveragenumberofdilutedsharesoutstanding": 355367000,
        "numberofstores": 1866,
        "comprehensiveincomenetoftax": 476479000
    },
    {
        "date": "2021-01-29",
        "symbol": "ROST",
        "period": "Q4",
        "revenuefromcontractwithcustomerexcludingassessedtax": 2406998000,
        "costofgoodsandservicessold": 1267053000,
        "sellinggeneralandadministrativeexpense": 690624000,
        "interestincomeexpensenet": -19152000,
        "costsandexpenses": 1554858000,
        "incomelossfromcontinuingoperationsbeforeincometaxesminorityinterestandincomelossfromequitymethodinvestments": 382851000,
        "incometaxexpensebenefit": 144871000,
        "netincomeloss": 237980000,
        "earningspersharebasic": 0.6699999999999999,
        "earningspersharediluted": 0.6699999999999999,
        "weightedaveragenumberofsharesoutstandingbasic": 72000,
        "weightedaveragenumberofdilutedsharesoutstanding": 2299000,
        "comprehensiveincomenetoftax": 237980000
    },
    {
        "date": "2020-10-30",
        "symbol": "ROST",
        "period": "Q3",
        "revenuefromcontractwithcustomerexcludingassessedtax": 3754509000,
        "costofgoodsandservicessold": 2711419000,
        "sellinggeneralandadministrativeexpense": 877857000,
        "interestincomeexpensenet": -28740000,
        "costsandexpenses": 3618016000,
        "incomelossfromcontinuingoperationsbeforeincometaxesminorityinterestandincomelossfromequitymethodinvestments": 136493000,
        "incometaxexpensebenefit": 5296000,
        "netincomeloss": 131197000,
        "earningspersharebasic": 0.38000000000000006,
        "earningspersharediluted": 0.38000000000000006,
        "weightedaveragenumberofsharesoutstandingbasic": 81000,
        "weightedaveragenumberofdilutedsharesoutstanding": 81000,
        "comprehensiveincomenetoftax": 131197000
    },
    {
        "date": "2020-07-31",
        "symbol": "ROST",
        "period": "Q2",
        "revenuefromcontractwithcustomerexcludingassessedtax": 4527385000,
        "costofgoodsandservicessold": 3970111000,
        "sellinggeneralandadministrativeexpense": 519495000,
        "interestincomeexpensenet": -28855000,
        "costsandexpenses": 4940432000,
        "incomelossfromcontinuingoperationsbeforeincometaxesminorityinterestandincomelossfromequitymethodinvestments": 56242000,
        "incometaxexpensebenefit": 34195000,
        "netincomeloss": 22047000,
        "earningspersharebasic": 0.05999999999999994,
        "earningspersharediluted": 0.05999999999999994,
        "weightedaveragenumberofsharesoutstandingbasic": 37000,
        "weightedaveragenumberofdilutedsharesoutstanding": 37000,
        "numberofstores": 0,
        "comprehensiveincomenetoftax": 22047000
    },
    {
        "date": "2020-05-01",
        "symbol": "ROST",
        "period": "Q1",
        "revenuefromcontractwithcustomerexcludingassessedtax": 1842673000,
        "costofgoodsandservicessold": 1889991000,
        "sellinggeneralandadministrativeexpense": 415305000,
        "interestincomeexpensenet": -6666000,
        "costsandexpenses": 2311962000,
        "incomelossfromcontinuingoperationsbeforeincometaxesminorityinterestandincomelossfromequitymethodinvestments": -469289000,
        "incometaxexpensebenefit": -163447000,
        "netincomeloss": -305842000,
        "earningspersharebasic": -0.87,
        "earningspersharediluted": -0.87,
        "weightedaveragenumberofsharesoutstandingbasic": 352202000,
        "weightedaveragenumberofdilutedsharesoutstanding": 352202000,
        "numberofstores": 1832,
        "comprehensiveincomenetoftax": -305842000
    },
    {
        "date": "2019-11-01",
        "symbol": "ROST",
        "period": "Q3",
        "revenuefromcontractwithcustomerexcludingassessedtax": 3849117000,
        "costofgoodsandservicessold": 2766432000,
        "sellinggeneralandadministrativeexpense": 604605000,
        "interestincomeexpensenet": 4402000,
        "costsandexpenses": 3366635000,
        "incomelossfromcontinuingoperationsbeforeincometaxesminorityinterestandincomelossfromequitymethodinvestments": 482482000,
        "incometaxexpensebenefit": 111550000,
        "netincomeloss": 370932000,
        "earningspersharebasic": 1.0400000000000003,
        "earningspersharediluted": 1.0299999999999998,
        "weightedaveragenumberofsharesoutstandingbasic": -1520000,
        "weightedaveragenumberofdilutedsharesoutstanding": -1552000,
        "numberofstores": 38,
        "comprehensiveincomenetoftax": 370932000
    },
    {
        "date": "2019-08-02",
        "symbol": "ROST",
        "period": "Q2",
        "netincomeloss": 412721000,
        "comprehensiveincomenetoftax": 412721000,
        "revenuefromcontractwithcustomerexcludingassessedtax": 3979869000,
        "costofgoodsandservicessold": 2843850000,
        "sellinggeneralandadministrativeexpense": 591970000,
        "interestincomeexpensenet": 4782000,
        "costsandexpenses": 3431038000,
        "incomelossfromcontinuingoperationsbeforeincometaxesminorityinterestandincomelossfromequitymethodinvestments": 548831000,
        "incometaxexpensebenefit": 136110000,
        "earningspersharebasic": 1.1500000000000001,
        "earningspersharediluted": 1.1400000000000001,
        "weightedaveragenumberofsharesoutstandingbasic": -1646000,
        "weightedaveragenumberofdilutedsharesoutstanding": -1905000,
        "numberofstores": 27
    },
    {
        "date": "2019-05-03",
        "symbol": "ROST",
        "period": "Q1",
        "netincomeloss": 421142000,
        "comprehensiveincomenetoftax": 421142000,
        "revenuefromcontractwithcustomerexcludingassessedtax": 3796642000,
        "costofgoodsandservicessold": 2701668000,
        "sellinggeneralandadministrativeexpense": 558250000,
        "interestincomeexpensenet": 5635000,
        "costsandexpenses": 3254283000,
        "incomelossfromcontinuingoperationsbeforeincometaxesminorityinterestandincomelossfromequitymethodinvestments": 542359000,
        "incometaxexpensebenefit": 121217000,
        "earningspersharebasic": 1.16,
        "earningspersharediluted": 1.15,
        "weightedaveragenumberofsharesoutstandingbasic": 363085000,
        "weightedaveragenumberofdilutedsharesoutstanding": 365912000,
        "numberofstores": 1745
    },
    {
        "date": "2018-11-02",
        "symbol": "ROST",
        "period": "Q3",
        "netincomeloss": 338108000,
        "othercomprehensiveincomeunrealizedholdinggainlossonsecuritiesarisingduringperiodnetoftax": -4000,
        "comprehensiveincomenetoftax": 338104000,
        "sellinggeneralandadministrativeexpense": 561577000,
        "interestincomeexpensenet": 2953000,
        "costsandexpenses": 3105955000,
        "incomelossfromcontinuingoperationsbeforeincometaxesminorityinterestandincomelossfromequitymethodinvestments": 443653000,
        "incometaxexpensebenefit": 105545000,
        "earningspersharebasic": 0.9199999999999999,
        "earningspersharediluted": 0.9100000000000004,
        "weightedaveragenumberofsharesoutstandingbasic": -1437000,
        "weightedaveragenumberofdilutedsharesoutstanding": -1400000,
        "numberofstores": 40
    },
    {
        "date": "2018-08-03",
        "symbol": "ROST",
        "period": "Q2",
        "netincomeloss": 389404000,
        "othercomprehensiveincomeunrealizedholdinggainlossonsecuritiesarisingduringperiodnetoftax": -3000,
        "comprehensiveincomenetoftax": 389401000,
        "sellinggeneralandadministrativeexpense": 554581000,
        "interestincomeexpensenet": 1393000,
        "costsandexpenses": 3220171000,
        "incomelossfromcontinuingoperationsbeforeincometaxesminorityinterestandincomelossfromequitymethodinvestments": 517755000,
        "incometaxexpensebenefit": 128351000,
        "earningspersharebasic": 1.0499999999999998,
        "earningspersharediluted": 1.0399999999999998,
        "weightedaveragenumberofsharesoutstandingbasic": -1383000,
        "weightedaveragenumberofdilutedsharesoutstanding": -1726000,
        "commonstockdividendspersharedeclared": 0.225,
        "numberofstores": 29
    },
    {
        "date": "2018-05-04",
        "symbol": "ROST",
        "period": "Q1",
        "netincomeloss": 418252000,
        "othercomprehensiveincomeunrealizedholdinggainlossonsecuritiesarisingduringperiodnetoftax": -20000,
        "comprehensiveincomenetoftax": 418232000,
        "salesrevenuenet": 3588619000,
        "costofgoodssold": 2522219000,
        "sellinggeneralandadministrativeexpense": 524423000,
        "interestincomeexpensenet": 503000,
        "costsandexpenses": 3046139000,
        "incomelossfromcontinuingoperationsbeforeincometaxesminorityinterestandincomelossfromequitymethodinvestments": 542480000,
        "incometaxexpensebenefit": 124228000,
        "earningspersharebasic": 1.12,
        "earningspersharediluted": 1.11,
        "weightedaveragenumberofsharesoutstandingbasic": 373797000,
        "weightedaveragenumberofdilutedsharesoutstanding": 377062000,
        "commonstockdividendspersharedeclared": 0.225,
        "numberofstores": 1651
    },
    {
        "date": "2017-10-27",
        "symbol": "ROST",
        "period": "Q3",
        "netincomeloss": 274449000,
        "othercomprehensiveincomeunrealizedholdinggainlossonsecuritiesarisingduringperiodnetoftax": -19000,
        "comprehensiveincomenetoftax": 274430000,
        "salesrevenuenet": 3328894000,
        "costofgoodssold": 2369148000,
        "sellinggeneralandadministrativeexpense": 517297000,
        "interestincomeexpensenet": -1780000,
        "costsandexpenses": 2888225000,
        "incomelossfromcontinuingoperationsbeforeincometaxesminorityinterestandincomelossfromequitymethodinvestments": 440669000,
        "incometaxexpensebenefit": 166220000,
        "earningspersharebasic": 0.7199999999999999,
        "earningspersharediluted": 0.7200000000000001,
        "weightedaveragenumberofsharesoutstandingbasic": -1763000,
        "weightedaveragenumberofdilutedsharesoutstanding": -1834000,
        "commonstockdividendspersharedeclared": 0.15999999999999995,
        "numberofstores": 38
    },
    {
        "date": "2017-07-28",
        "symbol": "ROST",
        "period": "Q2",
        "netincomeloss": 316539000,
        "othercomprehensiveincomeunrealizedholdinggainlossonsecuritiesarisingduringperiodnetoftax": -16000,
        "comprehensiveincomenetoftax": 316523000,
        "salesrevenuenet": 3431603000,
        "costofgoodssold": 2420942000,
        "sellinggeneralandadministrativeexpense": 498276000,
        "interestincomeexpensenet": -2341000,
        "costsandexpenses": 2921559000,
        "incomelossfromcontinuingoperationsbeforeincometaxesminorityinterestandincomelossfromequitymethodinvestments": 510044000,
        "incometaxexpensebenefit": 193505000,
        "earningspersharebasic": 0.83,
        "earningspersharediluted": 0.82,
        "weightedaveragenumberofsharesoutstandingbasic": -1711000,
        "weightedaveragenumberofdilutedsharesoutstanding": -2073000,
        "commonstockdividendspersharedeclared": 0.16,
        "numberofstores": 28
    },
    {
        "date": "2017-04-28",
        "symbol": "ROST",
        "period": "Q1",
        "netincomeloss": 321018000,
        "othercomprehensiveincomeunrealizedholdinggainlossonsecuritiesarisingduringperiodnetoftax": -16000,
        "comprehensiveincomenetoftax": 321002000,
        "salesrevenuenet": 3306429000,
        "costofgoodssold": 2329966000,
        "sellinggeneralandadministrativeexpense": 474819000,
        "interestincomeexpensenet": -3169000,
        "costsandexpenses": 2807954000,
        "incomelossfromcontinuingoperationsbeforeincometaxesminorityinterestandincomelossfromequitymethodinvestments": 498475000,
        "incometaxexpensebenefit": 177457000,
        "earningspersharebasic": 0.83,
        "earningspersharediluted": 0.82,
        "weightedaveragenumberofsharesoutstandingbasic": 386433000,
        "weightedaveragenumberofdilutedsharesoutstanding": 389730000,
        "commonstockdividendspersharedeclared": 0.16,
        "numberofstores": 1561
    },
    {
        "date": "2016-10-28",
        "symbol": "ROST",
        "period": "Q3",
        "netincomeloss": 244546000,
        "othercomprehensiveincomeunrealizedholdinggainlossonsecuritiesarisingduringperiodnetoftax": -35000,
        "comprehensiveincomenetoftax": 244511000,
        "salesrevenuenet": 3086687000,
        "costofgoodssold": 2206092000,
        "sellinggeneralandadministrativeexpense": 490171000,
        "interestincomeexpensenet": -4156000,
        "costsandexpenses": 2700419000,
        "incomelossfromcontinuingoperationsbeforeincometaxesminorityinterestandincomelossfromequitymethodinvestments": 386268000,
        "incometaxexpensebenefit": 141722000,
        "earningspersharebasic": 0.6300000000000001,
        "earningspersharediluted": 0.6200000000000001,
        "weightedaveragenumberofsharesoutstandingbasic": -1272000,
        "weightedaveragenumberofdilutedsharesoutstanding": -1325000,
        "commonstockdividendspersharedeclared": 0.135,
        "numberofstores": 34
    },
    {
        "date": "2016-07-29",
        "symbol": "ROST",
        "period": "Q2",
        "netincomeloss": 281906000,
        "othercomprehensiveincomeunrealizedholdinggainlossonsecuritiesarisingduringperiodnetoftax": -11000,
        "comprehensiveincomenetoftax": 281895000,
        "salesrevenuenet": 3180917000,
        "costofgoodssold": 2251845000,
        "sellinggeneralandadministrativeexpense": 469511000,
        "interestincomeexpensenet": -4213000,
        "costsandexpenses": 2725569000,
        "incomelossfromcontinuingoperationsbeforeincometaxesminorityinterestandincomelossfromequitymethodinvestments": 455348000,
        "incometaxexpensebenefit": 173442000,
        "earningspersharebasic": 0.72,
        "earningspersharediluted": 0.71,
        "weightedaveragenumberofsharesoutstandingbasic": -1115000,
        "weightedaveragenumberofdilutedsharesoutstanding": -1431000,
        "commonstockdividendspersharedeclared": 0.135,
        "numberofstores": 28
    },
    {
        "date": "2016-04-29",
        "symbol": "ROST",
        "period": "Q1",
        "netincomeloss": 290634000,
        "othercomprehensiveincomeunrealizedholdinggainlossonsecuritiesarisingduringperiodnetoftax": -12000,
        "comprehensiveincomenetoftax": 290622000,
        "salesrevenuenet": 3088995000,
        "costofgoodssold": 2176205000,
        "sellinggeneralandadministrativeexpense": 436924000,
        "interestincomeexpensenet": -4364000,
        "costsandexpenses": 2617493000,
        "incomelossfromcontinuingoperationsbeforeincometaxesminorityinterestandincomelossfromequitymethodinvestments": 471502000,
        "incometaxexpensebenefit": 180868000,
        "earningspersharebasic": 0.73,
        "earningspersharediluted": 0.73,
        "weightedaveragenumberofsharesoutstandingbasic": 395799000,
        "weightedaveragenumberofdilutedsharesoutstanding": 398812000,
        "commonstockdividendspersharedeclared": 0.135,
        "numberofstores": 1473
    },
    {
        "date": "2015-10-30",
        "symbol": "ROST",
        "period": "Q3",
        "netincomeloss": 215656000,
        "othercomprehensiveincomeunrealizedholdinggainlossonsecuritiesarisingduringperiodnetoftax": -10000,
        "comprehensiveincomenetoftax": 215646000,
        "salesrevenuenet": 2782855000,
        "costofgoodssold": 2003347000,
        "sellinggeneralandadministrativeexpense": 443354000,
        "interestincomeexpensenet": -4427000,
        "costsandexpenses": 2451128000,
        "incomelossfromcontinuingoperationsbeforeincometaxesminorityinterestandincomelossfromequitymethodinvestments": 331727000,
        "incometaxexpensebenefit": 116071000,
        "earningspersharebasic": 0.54,
        "earningspersharediluted": 0.53,
        "weightedaveragenumberofsharesoutstandingbasic": -1575000,
        "weightedaveragenumberofdilutedsharesoutstanding": -1674000,
        "numberofstores": 24
    },
    {
        "date": "2015-07-31",
        "symbol": "ROST",
        "period": "Q2",
        "netincomeloss": 258639000,
        "othercomprehensiveincomeunrealizedholdinggainlossonsecuritiesarisingduringperiodnetoftax": -25000,
        "comprehensiveincomenetoftax": 258614000,
        "salesrevenuenet": 2968270000,
        "costofgoodssold": 2119480000,
        "sellinggeneralandadministrativeexpense": 435226000,
        "interestincomeexpensenet": -1652000,
        "costsandexpenses": 2556358000,
        "incomelossfromcontinuingoperationsbeforeincometaxesminorityinterestandincomelossfromequitymethodinvestments": 411912000,
        "incometaxexpensebenefit": 153273000,
        "earningspersharebasic": -0.04999999999999982,
        "earningspersharediluted": -0.050000000000000044,
        "weightedaveragenumberofsharesoutstandingbasic": 202384000,
        "weightedaveragenumberofdilutedsharesoutstanding": 203869000,
        "commonstockdividendspersharedeclared": 0,
        "numberofstores": 25
    },
    {
        "date": "2015-05-01",
        "symbol": "ROST",
        "period": "Q1",
        "netincomeloss": 282205000,
        "othercomprehensiveincomeunrealizedholdinggainlossonsecuritiesarisingduringperiodnetoftax": -82000,
        "comprehensiveincomenetoftax": 282123000,
        "salesrevenuenet": 2938148000,
        "costofgoodssold": 2067455000,
        "sellinggeneralandadministrativeexpense": 409298000,
        "interestincomeexpensenet": -2003000,
        "costsandexpenses": 2478756000,
        "incomelossfromcontinuingoperationsbeforeincometaxesminorityinterestandincomelossfromequitymethodinvestments": 459392000,
        "incometaxexpensebenefit": 177187000,
        "earningspersharebasic": 1.38,
        "earningspersharediluted": 1.37,
        "weightedaveragenumberofsharesoutstandingbasic": 203827000,
        "weightedaveragenumberofdilutedsharesoutstanding": 205693000,
        "commonstockdividendspersharedeclared": 0.235,
        "numberofstores": 1399
    },
    {
        "date": "2014-10-31",
        "symbol": "ROST",
        "period": "Q3",
        "netincomeloss": 192720000,
        "othercomprehensiveincomeunrealizedholdinggainlossonsecuritiesarisingduringperiodnetoftax": -18000,
        "comprehensiveincomenetoftax": 192702000,
        "salesrevenuenet": 2598820000,
        "costofgoodssold": 1882185000,
        "sellinggeneralandadministrativeexpense": 410002000,
        "interestincomeexpensenet": -777000,
        "costsandexpenses": 2292964000,
        "incomelossfromcontinuingoperationsbeforeincometaxesminorityinterestandincomelossfromequitymethodinvestments": 305856000,
        "incometaxexpensebenefit": 113136000,
        "earningspersharebasic": 0.94,
        "earningspersharediluted": 0.9200000000000004,
        "weightedaveragenumberofsharesoutstandingbasic": -797000,
        "weightedaveragenumberofdilutedsharesoutstanding": -866000,
        "commonstockdividendspersharedeclared": 0.19999999999999996,
        "numberofstores": 28
    },
    {
        "date": "2014-08-01",
        "symbol": "ROST",
        "period": "Q2",
        "netincomeloss": 239561000,
        "othercomprehensiveincomeunrealizedholdinggainlossonsecuritiesarisingduringperiodnetoftax": -14000,
        "comprehensiveincomenetoftax": 239547000,
        "salesrevenuenet": 2729566000,
        "costofgoodssold": 1944018000,
        "sellinggeneralandadministrativeexpense": 395225000,
        "interestincomeexpensenet": 96000,
        "costsandexpenses": 2339147000,
        "incomelossfromcontinuingoperationsbeforeincometaxesminorityinterestandincomelossfromequitymethodinvestments": 390419000,
        "incometaxexpensebenefit": 150858000,
        "earningspersharebasic": 1.15,
        "earningspersharediluted": 1.15,
        "weightedaveragenumberofsharesoutstandingbasic": -692000,
        "weightedaveragenumberofdilutedsharesoutstanding": -908000,
        "commonstockdividendspersharedeclared": 0.2,
        "numberofstores": 29
    },
    {
        "date": "2014-05-02",
        "symbol": "ROST",
        "period": "Q1",
        "netincomeloss": 243913000,
        "othercomprehensiveincomeunrealizedholdinggainlossonsecuritiesarisingduringperiodnetoftax": -33000,
        "comprehensiveincomenetoftax": 243880000,
        "salesrevenuenet": 2680593000,
        "costofgoodssold": 1908184000,
        "sellinggeneralandadministrativeexpense": 379802000,
        "interestincomeexpensenet": 104000,
        "costsandexpenses": 2287882000,
        "incomelossfromcontinuingoperationsbeforeincometaxesminorityinterestandincomelossfromequitymethodinvestments": 392711000,
        "incometaxexpensebenefit": 148798000,
        "earningspersharebasic": 1.17,
        "earningspersharediluted": 1.15,
        "weightedaveragenumberofsharesoutstandingbasic": 208949000,
        "weightedaveragenumberofdilutedsharesoutstanding": 211515000,
        "commonstockdividendspersharedeclared": 0.2,
        "numberofstores": 1309
    },
    {
        "date": "2013-11-01",
        "symbol": "ROST",
        "period": "Q3",
        "netincomeloss": 171618000,
        "othercomprehensiveincomeunrealizedholdinggainlossonsecuritiesarisingduringperiodnetoftax": -3000,
        "comprehensiveincomenetoftax": 171615000,
        "salesrevenuenet": 2398122000,
        "costofgoodssold": 1746235000,
        "sellinggeneralandadministrativeexpense": 381860000,
        "interestexpensenet": -152000,
        "costsandexpenses": 2127943000,
        "incomelossfromcontinuingoperationsbeforeincometaxesminorityinterestandincomelossfromequitymethodinvestments": 270179000,
        "incometaxexpensebenefit": 98561000,
        "earningspersharebasic": 0.81,
        "earningspersharediluted": 0.7999999999999998,
        "weightedaveragenumberofsharesoutstandingbasic": -879000,
        "weightedaveragenumberofdilutedsharesoutstanding": -908000,
        "numberofstores": 32
    },
    {
        "date": "2013-08-02",
        "symbol": "ROST",
        "period": "Q2",
        "netincomeloss": 213121000,
        "othercomprehensiveincomeunrealizedholdinggainlossonsecuritiesarisingduringperiodnetoftax": -147000,
        "comprehensiveincomenetoftax": 212974000,
        "salesrevenuenet": 2551277000,
        "costofgoodssold": 1823777000,
        "sellinggeneralandadministrativeexpense": 381193000,
        "interestexpensenet": -175000,
        "costsandexpenses": 2204795000,
        "incomelossfromcontinuingoperationsbeforeincometaxesminorityinterestandincomelossfromequitymethodinvestments": 346482000,
        "incometaxexpensebenefit": 133361000,
        "earningspersharebasic": 0.9999999999999998,
        "earningspersharediluted": 0.99,
        "weightedaveragenumberofsharesoutstandingbasic": -786000,
        "weightedaveragenumberofdilutedsharesoutstanding": -926000,
        "numberofstores": 26
    },
    {
        "date": "2013-05-03",
        "symbol": "ROST",
        "period": "Q1",
        "netincomeloss": 234612000,
        "othercomprehensiveincomeunrealizedholdinggainlossonsecuritiesarisingduringperiodnetoftax": 1000,
        "comprehensiveincomenetoftax": 234613000,
        "salesrevenuenet": 2539914000,
        "costofgoodssold": 1798811000,
        "sellinggeneralandadministrativeexpense": 361968000,
        "interestexpensenet": 209000,
        "costsandexpenses": 2160988000,
        "incomelossfromcontinuingoperationsbeforeincometaxesminorityinterestandincomelossfromequitymethodinvestments": 378926000,
        "incometaxexpensebenefit": 144314000,
        "earningspersharebasic": 1.09,
        "earningspersharediluted": 1.07,
        "weightedaveragenumberofsharesoutstandingbasic": 215408000,
        "weightedaveragenumberofdilutedsharesoutstanding": 218496000,
        "numberofstores": 1227
    },
    {
        "date": "2012-10-26",
        "symbol": "ROST",
        "period": "Q3",
        "netincomeloss": 159524000,
        "othercomprehensiveincomeunrealizedholdinggainlossonsecuritiesarisingduringperiodnetoftax": -7000,
        "comprehensiveincomenetoftax": 159517000,
        "salesrevenuenet": 2262723000,
        "costofgoodssold": 1648997000,
        "sellinggeneralandadministrativeexpense": 357983000,
        "interestexpensenet": 1643000,
        "costsandexpenses": 2008623000,
        "incomelossfromcontinuingoperationsbeforeincometaxesminorityinterestandincomelossfromequitymethodinvestments": 254100000,
        "incometaxexpensebenefit": 94576000,
        "earningspersharebasic": 0.73,
        "earningspersharediluted": 0.7199999999999999,
        "weightedaveragenumberofsharesoutstandingbasic": -221252000,
        "weightedaveragenumberofdilutedsharesoutstanding": -224938000
    },
    {
        "date": "2012-07-27",
        "symbol": "ROST",
        "period": "Q2",
        "salesrevenuenet": 2340855000,
        "costofgoodssold": 1689643000,
        "sellinggeneralandadministrativeexpense": 352089000,
        "interestexpensenet": 2086000,
        "costsandexpenses": 2043818000,
        "incomelossfromcontinuingoperationsbeforeincometaxesminorityinterestandincomelossfromequitymethodinvestments": 297037000,
        "incometaxexpensebenefit": 115013000,
        "netincomeloss": 182024000,
        "earningspersharebasic": 0.83,
        "earningspersharediluted": 0.81,
        "weightedaveragenumberofsharesoutstandingbasic": 220065000,
        "weightedaveragenumberofdilutedsharesoutstanding": 223605000,
        "commonstockdividendspersharedeclared": 0.14,
        "storesopenatendofperiod": 1174,
        "othercomprehensiveincomeunrealizedholdinggainlossonsecuritiesarisingduringperiodnetoftax": 25000,
        "comprehensiveincomenetoftax": 182049000
    },
    {
        "date": "2012-04-27",
        "symbol": "ROST",
        "period": "Q1",
        "salesrevenuenet": 2356841000,
        "costofgoodssold": 1679127000,
        "sellinggeneralandadministrativeexpense": 337811000,
        "interestexpensenet": 2232000,
        "costsandexpenses": 2019170000,
        "incomelossfromcontinuingoperationsbeforeincometaxesminorityinterestandincomelossfromequitymethodinvestments": 337671000,
        "incometaxexpensebenefit": 129058000,
        "netincomeloss": 208613000,
        "earningspersharebasic": 0.94,
        "earningspersharediluted": 0.93,
        "weightedaveragenumberofsharesoutstandingbasic": 221104000,
        "weightedaveragenumberofdilutedsharesoutstanding": 224929000,
        "storesopenatendofperiod": 1146,
        "othercomprehensiveincomeunrealizedholdinggainlossonsecuritiesarisingduringperiodnetoftax": -9000,
        "comprehensiveincomenetoftax": 208604000
    },
    {
        "date": "2011-10-28",
        "symbol": "ROST",
        "period": "Q3",
        "salesrevenuenet": 2046427000,
        "costofgoodssold": 1490213000,
        "sellinggeneralandadministrativeexpense": 332226000,
        "interestexpensenet": 2565000,
        "costsandexpenses": 1825004000,
        "incomelossfromcontinuingoperationsbeforeincometaxesminorityinterestandincomelossfromequitymethodinvestments": 221423000,
        "incometaxexpensebenefit": 77454000,
        "netincomeloss": 143969000,
        "earningspersharebasic": 1.28,
        "earningspersharediluted": 1.26,
        "weightedaveragenumberofsharesoutstandingbasic": 112270000,
        "weightedaveragenumberofdilutedsharesoutstanding": 114230000,
        "commonstockdividendspersharedeclared": 0.22,
        "storesopenatendofperiod": 1126
    },
    {
        "date": "2011-07-29",
        "symbol": "ROST",
        "period": "Q2",
        "salesrevenuenet": 2089410000,
        "costofgoodssold": 1524307000,
        "sellinggeneralandadministrativeexpense": 320885000,
        "interestexpensenet": -2569000,
        "costsandexpenses": 1847761000,
        "incomelossfromcontinuingoperationsbeforeincometaxesminorityinterestandincomelossfromequitymethodinvestments": 241649000,
        "incometaxexpensebenefit": 93373000,
        "netincomeloss": 148276000,
        "earningspersharebasic": 1.3,
        "earningspersharediluted": 1.28,
        "weightedaveragenumberofsharesoutstandingbasic": 113652000,
        "weightedaveragenumberofdilutedsharesoutstanding": 115588000,
        "commonstockdividendspersharedeclared": 0.22,
        "storesopenatendofperiod": 1091
    },
    {
        "date": "2011-04-29",
        "symbol": "ROST",
        "period": "Q1",
        "salesrevenuenet": 2074576000,
        "costofgoodssold": 1481206000,
        "sellinggeneralandadministrativeexpense": 309160000,
        "interestexpensenet": -2495000,
        "costsandexpenses": 1792861000,
        "incomelossfromcontinuingoperationsbeforeincometaxesminorityinterestandincomelossfromequitymethodinvestments": 281715000,
        "incometaxexpensebenefit": 108742000,
        "netincomeloss": 172973000,
        "earningspersharebasic": 1.51,
        "earningspersharediluted": 1.48,
        "weightedaveragenumberofsharesoutstandingbasic": 114764000,
        "weightedaveragenumberofdilutedsharesoutstanding": 116773000,
        "storesopenatendofperiod": 1068
    },
    {
        "date": "2010-10-29",
        "symbol": "ROST",
        "period": "Q3",
        "salesrevenuenet": 1874320000,
        "costofgoodssold": 1365513000,
        "sellinggeneralandadministrativeexpense": 312277000,
        "interestexpensenet": -2232000,
        "costsandexpenses": 1680022000,
        "incomelossfromcontinuingoperationsbeforeincometaxesminorityinterestandincomelossfromequitymethodinvestments": 194298000,
        "incometaxexpensebenefit": 72920000,
        "netincomeloss": 121378000,
        "earningspersharebasic": 1.04,
        "earningspersharediluted": 1.0199999999999998,
        "weightedaveragenumberofsharesoutstandingbasic": -728000,
        "weightedaveragenumberofdilutedsharesoutstanding": -721000,
        "storesopenatendofperiod": 21
    },
    {
        "date": "2010-07-30",
        "symbol": "ROST",
        "period": "Q2",
        "salesrevenuenet": 1911760000,
        "costofgoodssold": 1395785000,
        "sellinggeneralandadministrativeexpense": 303402000,
        "interestexpensenet": -2436000,
        "costsandexpenses": 1701623000,
        "incomelossfromcontinuingoperationsbeforeincometaxesminorityinterestandincomelossfromequitymethodinvestments": 210137000,
        "incometaxexpensebenefit": 80861000,
        "netincomeloss": 129276000,
        "earningspersharebasic": 1.0899999999999999,
        "earningspersharediluted": 1.0800000000000003,
        "weightedaveragenumberofsharesoutstandingbasic": -607000,
        "weightedaveragenumberofdilutedsharesoutstanding": -1089000,
        "storesopenatendofperiod": 15
    },
    {
        "date": "2010-04-30",
        "symbol": "ROST",
        "period": "Q1",
        "salesrevenuenet": 1934778000,
        "costofgoodssold": 1406082000,
        "sellinggeneralandadministrativeexpense": 294472000,
        "interestexpensenet": -2388000,
        "costsandexpenses": 1702942000,
        "incomelossfromcontinuingoperationsbeforeincometaxesminorityinterestandincomelossfromequitymethodinvestments": 231836000,
        "incometaxexpensebenefit": 89489000,
        "netincomeloss": 142347000,
        "earningspersharebasic": 1.19,
        "earningspersharediluted": 1.16,
        "weightedaveragenumberofsharesoutstandingbasic": 119829000,
        "weightedaveragenumberofdilutedsharesoutstanding": 122332000,
        "storesopenatendofperiod": 1021
    }
]